<collection xmlns:marc="http://www.loc.gov/MARC21/slim">
  <!--Svenske Samkatalogen-->
  <!--Harry Potter av J. K. Rowling-->
  <record><!--Svenske Samkatalogen: Harry Potter und der Feuerkelch: Rowling, J. K..: tysk, ger: oversatt: -->
    <leader>02911cam a2200625 i 4500</leader>
    <controlfield tag="001">6g2ngjkq4s5q4r68</controlfield>
    <controlfield tag="003">LIBRIS</controlfield>
    <controlfield tag="005">20190304152831.0</controlfield>
    <controlfield tag="008">190304s2018    gw |||||||||||000 1|ger|d</controlfield>
    <datafield tag="020" ind1=" " ind2=" ">
      <subfield code="a">3551557446</subfield>
      <subfield code="c">: EUR 26.99 (DE), EUR 27.80 (AT), CHF 36.90 (freier Preis)</subfield>
    </datafield>
    <datafield tag="020" ind1=" " ind2=" ">
      <subfield code="a">9783551557445</subfield>
      <subfield code="c">: EUR 26.99 (DE), EUR 27.80 (AT), CHF 36.90 (freier Preis)</subfield>
    </datafield>
    <datafield tag="020" ind1=" " ind2=" ">
      <subfield code="a">9783551551931</subfield>
    </datafield>
    <datafield tag="020" ind1=" " ind2=" ">
      <subfield code="a">9783551354044</subfield>
    </datafield>
    <datafield tag="020" ind1=" " ind2=" ">
      <subfield code="a">9783551552532</subfield>
    </datafield>
    <datafield tag="020" ind1=" " ind2=" ">
      <subfield code="a">9783551313140</subfield>
    </datafield>
    <datafield tag="040" ind1=" " ind2=" ">
      <subfield code="a">Um</subfield>
      <subfield code="b">ger</subfield>
      <subfield code="c">GBVCP</subfield>
      <subfield code="d">Um</subfield>
      <subfield code="e">rda</subfield>
      <subfield code="e">i</subfield>
    </datafield>
    <datafield tag="041" ind1="1" ind2=" ">
      <subfield code="a">ger</subfield>
      <subfield code="h">eng</subfield>
    </datafield>
    <datafield tag="100" ind1="1" ind2=" ">
      <subfield code="a">Rowling, J. K.</subfield>
      <subfield code="d">1965-</subfield>
      <subfield code="e">VerfasserIn</subfield>
      <subfield code="q">(Joanne Kathleen)</subfield>
      <subfield code="4">aut</subfield>
      <subfield code="1">https://libris.kb.se/20dgctjl3gb5gzg#it</subfield>
    </datafield>
    <datafield tag="240" ind1="1" ind2="0">
      <subfield code="a">Harry Potter and the goblet of fire</subfield>
      <subfield code="l">Tyska</subfield>
      <subfield code="1">http://viaf.org/viaf/184113913</subfield>
    </datafield>
    <datafield tag="245" ind1="1" ind2="0">
      <subfield code="a">Harry Potter und der Feuerkelch /</subfield>
      <subfield code="c">J.K. Rowling ; aus dem Englischen von Klaus Fritz.</subfield>
    </datafield>
    <datafield tag="250" ind1=" " ind2=" ">
      <subfield code="a">[Neuausgabe anls̃slich des 20-jh̃rigen Jubilũms]</subfield>
    </datafield>
    <datafield tag="264" ind1="3" ind2="1">
      <subfield code="a">Hamburg :</subfield>
      <subfield code="b">Carlsen,</subfield>
      <subfield code="c">2018</subfield>
    </datafield>
    <datafield tag="300" ind1=" " ind2=" ">
      <subfield code="a">702 Seiten</subfield>
      <subfield code="c">22 cm x 14.8 cm</subfield>
    </datafield>
    <datafield tag="336" ind1=" " ind2=" ">
      <subfield code="a">text</subfield>
      <subfield code="b">txt</subfield>
      <subfield code="1">http://www.rdaregistry.info/termList/RDAContentType/#1020</subfield>
      <subfield code="2">rdacontent</subfield>
    </datafield>
    <datafield tag="337" ind1=" " ind2=" ">
      <subfield code="a">unmediated</subfield>
      <subfield code="b">n</subfield>
      <subfield code="0">http://rdaregistry.info/termList/RDAMediaType/1007</subfield>
      <subfield code="2">rdamedia</subfield>
    </datafield>
    <datafield tag="338" ind1=" " ind2=" ">
      <subfield code="a">volume</subfield>
      <subfield code="b">nc</subfield>
      <subfield code="0"> http://www.rdaregistry.info/termList/RDACarrierType/#1049</subfield>
      <subfield code="2">rdacarrier</subfield>
    </datafield>
    <datafield tag="340" ind1=" " ind2=" ">
      <subfield code="b">22 cm x 14.8 cm</subfield>
    </datafield>
    <datafield tag="380" ind1=" " ind2=" ">
      <subfield code="a">book</subfield>
      <subfield code="1">http://id.loc.gov/vocabulary/marcgt/boo</subfield>
      <subfield code="2">marcgt</subfield>
    </datafield>
    <datafield tag="490" ind1="0" ind2=" ">
      <subfield code="a">Harry Potter ;</subfield>
      <subfield code="v">4</subfield>
    </datafield>
    <datafield tag="599" ind1=" " ind2=" ">
      <subfield code="a">Imported from: z3950.gbv.de:210/gvk (Do not remove)</subfield>
    </datafield>
    <datafield tag="700" ind1="1" ind2=" ">
      <subfield code="a">Fritz, Klaus</subfield>
      <subfield code="e">&amp;#xdc;bersetzerIn</subfield>
      <subfield code="1">http://viaf.org/viaf/81563487</subfield>
      <subfield code="4">trl</subfield>
    </datafield>
    <datafield tag="700" ind1="1" ind2=" ">
      <subfield code="a">Rowling, J. K.,</subfield>
      <subfield code="d">1965-</subfield>
      <subfield code="4"> http://rdaregistry.info/Elements/w/precededByWork.en </subfield>
      <subfield code="i">Preceded by work</subfield>
      <subfield code="t">Harry Potter und der Gefangene von Askaban</subfield>
      <subfield code="1">http://viaf.org/viaf/184476505</subfield>
    </datafield>
    <datafield tag="710" ind1="2" ind2=" ">
      <subfield code="a">Carlsen Verlag</subfield>
      <subfield code="e">Verlag</subfield>
      <subfield code="4">pbl</subfield>
    </datafield>
    <datafield tag="776" ind1="0" ind2="8">
      <subfield code="i">Erscheint auch als</subfield>
      <subfield code="n">Druck-Ausgabe</subfield>
      <subfield code="z">9783551551931</subfield>
    </datafield>
    <datafield tag="776" ind1="0" ind2="8">
      <subfield code="i">Erscheint auch als</subfield>
      <subfield code="n">Druck-Ausgabe</subfield>
      <subfield code="z">9783551354044</subfield>
    </datafield>
    <datafield tag="776" ind1="0" ind2="8">
      <subfield code="i">Erscheint auch als</subfield>
      <subfield code="n">Druck-Ausgabe</subfield>
      <subfield code="z">9783551552532</subfield>
    </datafield>
    <datafield tag="776" ind1="0" ind2="8">
      <subfield code="i">Erscheint auch als</subfield>
      <subfield code="n">Druck-Ausgabe</subfield>
      <subfield code="z">9783551313140</subfield>
    </datafield>
    <datafield tag="787" ind1="0" ind2=" ">
      <subfield code="i">In Beziehung stehende Ressource</subfield>
      <subfield code="z">9783551315489</subfield>
    </datafield>
    <datafield tag="787" ind1="0" ind2=" ">
      <subfield code="i">In Beziehung stehende Ressource</subfield>
      <subfield code="z">9783551559012</subfield>
    </datafield>
    <datafield tag="787" ind1="0" ind2=" ">
      <subfield code="i">In Beziehung stehende Ressource</subfield>
      <subfield code="z">9783551313690</subfield>
    </datafield>
    <datafield tag="787" ind1="0" ind2=" ">
      <subfield code="i">In Beziehung stehende Ressource</subfield>
      <subfield code="z">9783551559029</subfield>
    </datafield>
    <datafield tag="787" ind1="0" ind2=" ">
      <subfield code="i">In Beziehung stehende Ressource</subfield>
      <subfield code="z">9783551556691</subfield>
    </datafield>
    <datafield tag="787" ind1="0" ind2=" ">
      <subfield code="i">In Beziehung stehende Ressource</subfield>
      <subfield code="z">9783551553676</subfield>
    </datafield>
    <datafield tag="787" ind1="0" ind2=" ">
      <subfield code="i">In Beziehung stehende Ressource</subfield>
      <subfield code="z">9783646929201</subfield>
    </datafield>
    <datafield tag="841" ind1=" " ind2=" ">
      <subfield code="5">Um</subfield>
      <subfield code="a">x a</subfield>
      <subfield code="b">190304||0000|||||000||||||000000</subfield>
      <subfield code="e">|</subfield>
    </datafield>
    <datafield tag="852" ind1=" " ind2=" ">
      <subfield code="5">Um</subfield>
      <subfield code="b">Um</subfield>
      <subfield code="h">Mellan</subfield>
    </datafield>
    <datafield tag="856" ind1="4" ind2="2">
      <subfield code="3">Inhaltstext</subfield>
      <subfield code="u"
        >http://deposit.dnb.de/cgi-bin/dokserv?id=4b0a8345efd34e05a9f5341d69dd3a0b&amp;prov=M&amp;dok_var=1&amp;dok_ext=htm</subfield>
    </datafield>
    <datafield tag="887" ind1=" " ind2=" ">
      <subfield code="a"
        >{"@id":"6g2ngjkq4s5q4r68","modified":"2019-03-04T15:28:31.515+01:00","checksum":"177352936544"}</subfield>
      <subfield code="2">librisxl</subfield>
    </datafield>
    <datafield tag="887" ind1=" " ind2=" ">
      <subfield code="5">Um</subfield>
      <subfield code="a"
        >{"@id":"08vg9zn2xd8thbns","modified":"2019-03-04T15:29:16.957+01:00","checksum":"92470509163"}</subfield>
      <subfield code="2">librisxl</subfield>
    </datafield>
  </record>