
  <record><!--Svenske Samkatalogen: Harry Potter and the Order of the Phoenix: Rowling, J. K..: engelsk, eng: lydbok, lydopptak-->
    <leader>01446cim a22003617i 4500</leader>
    <controlfield tag="001">5f1m47d63j80mss9</controlfield>
    <controlfield tag="003">LIBRIS</controlfield>
    <controlfield tag="005">20190304134623.0</controlfield>
    <controlfield tag="007">sd |||||||||||         </controlfield>
    <controlfield tag="008">190304|        |  | ||d|||||||   | eng|c</controlfield>
    <datafield tag="020" ind1=" " ind2=" ">
      <subfield code="a"> 9780807220290 </subfield>
    </datafield>
    <datafield tag="020" ind1=" " ind2=" ">
      <subfield code="a"> 0807220299</subfield>
    </datafield>
    <datafield tag="040" ind1=" " ind2=" ">
      <subfield code="a">Tkb</subfield>
      <subfield code="b">swe</subfield>
      <subfield code="e">i</subfield>
      <subfield code="e">rda</subfield>
    </datafield>
    <datafield tag="041" ind1=" " ind2=" ">
      <subfield code="a">eng</subfield>
    </datafield>
    <datafield tag="082" ind1=" " ind2="4">
      <subfield code="a">FIC</subfield>
      <subfield code="2">22</subfield>
    </datafield>
    <datafield tag="084" ind1=" " ind2=" ">
      <subfield code="a">He,ug</subfield>
      <subfield code="2">kssb/8</subfield>
    </datafield>
    <datafield tag="100" ind1="1" ind2=" ">
      <subfield code="a">Rowling, J.K.</subfield>
      <subfield code="d">1965-</subfield>
      <subfield code="q">(Joanne Kathleen)</subfield>
      <subfield code="4">aut</subfield>
      <subfield code="1">https://libris.kb.se/20dgctjl3gb5gzg#it</subfield>
    </datafield>
    <datafield tag="240" ind1=" " ind2=" ">
      <subfield code="a">Harry Potter and the Order of the Phoenix</subfield>
      <subfield code="l">English</subfield>
      <subfield code="1">http://viaf.org/viaf/270596747</subfield>
    </datafield>
    <datafield tag="245" ind1="1" ind2="0">
      <subfield code="a">Harry Potter and the Order of the Phoenix [Ljudupptagning] /</subfield>
      <subfield code="c">by J.K. Rowling ; read by Jim Dale.</subfield>
    </datafield>
    <datafield tag="264" ind1=" " ind2="1">
      <subfield code="b">Random House </subfield>
    </datafield>
    <datafield tag="300" ind1=" " ind2=" ">
      <subfield code="a">23 audio discs (27 hr)</subfield>
    </datafield>
    <datafield tag="336" ind1=" " ind2=" ">
      <subfield code="a">spoken word</subfield>
      <subfield code="b">spw</subfield>
      <subfield code="0">http://www.rdaregistry.info/termList/RDAContentType/#1013</subfield>
      <subfield code="2">rdacontent</subfield>
    </datafield>
    <datafield tag="337" ind1=" " ind2=" ">
      <subfield code="a">audio</subfield>
      <subfield code="b">s</subfield>
      <subfield code="0">http://rdaregistry.info/termList/RDAMediaType/1001</subfield>
      <subfield code="2">rdamedia</subfield>
    </datafield>
    <datafield tag="338" ind1=" " ind2=" ">
      <subfield code="a">computer disc</subfield>
      <subfield code="b">sd</subfield>
      <subfield code="b">d</subfield>
      <subfield code="0">http://rdaregistry.info/termList/RDACarrierType/1013</subfield>
      <subfield code="2">rdacarrier</subfield>
      <subfield code="2">rdacarrier</subfield>
    </datafield>
    <datafield tag="380" ind1=" " ind2=" ">
      <subfield code="a">sound</subfield>
      <subfield code="1">http://id.loc.gov/vocabulary/marcgt/sou</subfield>
      <subfield code="2">marcgt</subfield>
    </datafield>
    <datafield tag="655" ind1=" " ind2="7">
      <subfield code="a">Fantasy</subfield>
      <subfield code="0">https://id.kb.se/term/barngf/Fantasy</subfield>
      <subfield code="2">barngf</subfield>
    </datafield>
    <datafield tag="655" ind1=" " ind2="7">
      <subfield code="a">Barn- och ungdomslitteratur</subfield>
      <subfield code="0">https://id.kb.se/term/barngf/Barn-%20och%20ungdomslitteratur</subfield>
      <subfield code="2">barngf</subfield>
    </datafield>
    <datafield tag="700" ind1="1" ind2=" ">
      <subfield code="a">Dale, Jim</subfield>
      <subfield code="1">http://viaf.org/viaf/85723204</subfield>
      <subfield code="4">nrt</subfield>
    </datafield>
    <datafield tag="700" ind1="1" ind2=" ">
      <subfield code="a">Rowling, J. K.,</subfield>
      <subfield code="d">1965-</subfield>
      <subfield code="4"> http://rdaregistry.info/Elements/w/precededByWork.en </subfield>
      <subfield code="i">Preceded by work</subfield>
      <subfield code="t">Harry Potter and the Goblet of Fire</subfield>
    </datafield>
    <datafield tag="841" ind1=" " ind2=" ">
      <subfield code="5">Tkb</subfield>
      <subfield code="a">x a</subfield>
      <subfield code="b">190304||0000|||||000||||||000000</subfield>
      <subfield code="e">|</subfield>
    </datafield>
    <datafield tag="852" ind1=" " ind2=" ">
      <subfield code="5">Tkb</subfield>
      <subfield code="b">Tkb</subfield>
    </datafield>
    <datafield tag="887" ind1=" " ind2=" ">
      <subfield code="a"
        >{"@id":"5f1m47d63j80mss9","modified":"2019-03-04T13:46:23.255+01:00","checksum":"49854537374"}</subfield>
      <subfield code="2">librisxl</subfield>
    </datafield>
    <datafield tag="887" ind1=" " ind2=" ">
      <subfield code="5">Tkb</subfield>
      <subfield code="a"
        >{"@id":"6g2n7k0x4mdlmcpd","modified":"2019-03-04T13:52:26.294+01:00","checksum":"12271163275"}</subfield>
      <subfield code="2">librisxl</subfield>
    </datafield>
    <datafield tag="955" ind1=" " ind2="s">
      <subfield code="6">655</subfield>
      <subfield code="a">Fantasivr̃ldar</subfield>
      <subfield code="u">Fantasy</subfield>
    </datafield>
    <datafield tag="955" ind1=" " ind2="s">
      <subfield code="6">655</subfield>
      <subfield code="a">Ungdomslitteratur</subfield>
      <subfield code="u">Barn- och ungdomslitteratur</subfield>
    </datafield>
    <datafield tag="976" ind1="0" ind2=" ">
      <subfield code="a">He,u</subfield>
      <subfield code="b">Skn̲litteratur: engelska: fr̲ barn och ungdom</subfield>
    </datafield>
  </record>