
  <record><!--Svenske Samkatalogen: Hari Poter ve-even ha-hakhamim: Rowling, J. K..: hebraisk, heb: oversatt-->
    <leader>02045cam a22004934a 4500</leader>
    <controlfield tag="001">hrbb6vshfd64w8t9</controlfield>
    <controlfield tag="003">LIBRIS</controlfield>
    <controlfield tag="005">20190227100131.0</controlfield>
    <controlfield tag="008">190227s2001    is ||||j||||||000 1|heb| </controlfield>
    <datafield tag="010" ind1=" " ind2=" ">
      <subfield code="a">2002534899</subfield>
    </datafield>
    <datafield tag="020" ind1=" " ind2=" ">
      <subfield code="a">9655110281</subfield>
    </datafield>
    <datafield tag="040" ind1=" " ind2=" ">
      <subfield code="a">Jud</subfield>
      <subfield code="c">DLC-R</subfield>
      <subfield code="e">a</subfield>
    </datafield>
    <datafield tag="041" ind1="1" ind2=" ">
      <subfield code="a">heb</subfield>
      <subfield code="h">eng</subfield>
    </datafield>
    <datafield tag="042" ind1=" " ind2=" ">
      <subfield code="a">pcc</subfield>
    </datafield>
    <datafield tag="043" ind1=" " ind2=" ">
      <subfield code="a">e-uk-en</subfield>
    </datafield>
    <datafield tag="050" ind1="0" ind2="0">
      <subfield code="a">PZ40.R685</subfield>
      <subfield code="b">H38 2001</subfield>
    </datafield>
    <datafield tag="100" ind1="1" ind2=" ">
      <subfield code="6">880-01</subfield>
      <subfield code="a">Rowling, J. K.</subfield>
      <subfield code="d">1965-</subfield>
      <subfield code="q">(Joanne Kathleen)</subfield>
      <subfield code="4">aut</subfield>
      <subfield code="1">http://viaf.org/viaf/116796842</subfield>
    </datafield>
    <datafield tag="240" ind1="1" ind2="0">
      <subfield code="a">Harry Potter and the philosopher's stone.</subfield>
      <subfield code="l">Hebrew</subfield>
      <subfield code="1">http://viaf.org/viaf/167145424521586830646</subfield>
    </datafield>
    <datafield tag="245" ind1="1" ind2="0">
      <subfield code="6">880-02</subfield>
      <subfield code="a">Hari Poter ve-even ha-hakhamim /</subfield>
      <subfield code="c">G'e. Ke. Roling ; me-Anglit, Gili Bar-Hilel.</subfield>
    </datafield>
    <datafield tag="246" ind1="3" ind2="0">
      <subfield code="i">Title on t.p. verso:</subfield>
      <subfield code="a">Harry Potter and the Philosopher's stone</subfield>
    </datafield>
    <datafield tag="264" ind1=" " ind2="1">
      <subfield code="6">880-03 ;</subfield>
      <subfield code="a">Tel Aviv :</subfield>
      <subfield code="b">Yediot aharonot :</subfield>
      <subfield code="b">Sifre hemed :</subfield>
      <subfield code="b">Sifre aliyat ha-gag,</subfield>
      <subfield code="c">c2001</subfield>
    </datafield>
    <datafield tag="300" ind1=" " ind2=" ">
      <subfield code="a">321 p.</subfield>
      <subfield code="c">21 cm.</subfield>
    </datafield>
    <datafield tag="336" ind1=" " ind2=" ">
      <subfield code="a">text</subfield>
      <subfield code="b">txt</subfield>
      <subfield code="0">http://www.rdaregistry.info/termList/RDAContentType/#1020</subfield>
      <subfield code="2">rdacontent</subfield>
    </datafield>
    <datafield tag="337" ind1=" " ind2=" ">
      <subfield code="a">unmediated</subfield>
      <subfield code="0">http://rdaregistry.info/termList/RDAMediaType/1007</subfield>
      <subfield code="2">rdamedia</subfield>
    </datafield>
    <datafield tag="338" ind1=" " ind2=" ">
      <subfield code="a">volume</subfield>
      <subfield code="0"> http://www.rdaregistry.info/termList/RDACarrierType/#1049</subfield>
      <subfield code="2">rdacarrier</subfield>
    </datafield>
    <datafield tag="340" ind1=" " ind2=" ">
      <subfield code="b">21 cm.</subfield>
    </datafield>
    <datafield tag="380" ind1=" " ind2=" ">
      <subfield code="a">book</subfield>
      <subfield code="1">http://id.loc.gov/vocabulary/marcgt/boo</subfield>
      <subfield code="2">marcgt</subfield>
    </datafield>
    <datafield tag="490" ind1="1" ind2=" ">
      <subfield code="6">880-04</subfield>
      <subfield code="a">Prozah</subfield>
    </datafield>
    <datafield tag="599" ind1=" " ind2=" ">
      <subfield code="a">Imported from: lx2.loc.gov:210/LCDB (Do not remove)</subfield>
    </datafield>
    <datafield tag="600" ind1="1" ind2="0">
      <subfield code="a">Potter, Harry</subfield>
      <subfield code="c">(Fictitious character)</subfield>
      <subfield code="v">Juvenile fiction.</subfield>
    </datafield>
    <datafield tag="600" ind1="1" ind2="0">
      <subfield code="a">Granger, Hermione</subfield>
      <subfield code="c">(Fictitious character)</subfield>
      <subfield code="v">Juvenile fiction.</subfield>
    </datafield>
    <datafield tag="650" ind1=" " ind2="0">
      <subfield code="a">Weasley, Ron (Fictitious character)</subfield>
      <subfield code="v">Juvenile fiction.</subfield>
    </datafield>
    <datafield tag="650" ind1=" " ind2="0">
      <subfield code="a">Hogwarts School of Witchcraft and Wizardry (Imaginary
        organization)</subfield>
      <subfield code="v">Juvenile fiction.</subfield>
    </datafield>
    <datafield tag="650" ind1=" " ind2="0">
      <subfield code="a">Wizards</subfield>
      <subfield code="v">Juvenile fiction.</subfield>
    </datafield>
    <datafield tag="650" ind1=" " ind2="0">
      <subfield code="a">Magic</subfield>
      <subfield code="v">Juvenile fiction.</subfield>
    </datafield>
    <datafield tag="650" ind1=" " ind2="0">
      <subfield code="a">Schools</subfield>
      <subfield code="v">Juvenile fiction.</subfield>
    </datafield>
    <datafield tag="651" ind1=" " ind2="0">
      <subfield code="a">England</subfield>
      <subfield code="v">Juvenile fiction.</subfield>
    </datafield>
    <datafield tag="655" ind1=" " ind2="4">
      <subfield code="0">https://id.kb.se/marc/FictionNotFurtherSpecified</subfield>
    </datafield>
    <datafield tag="700" ind1="1" ind2=" ">
      <subfield code="a">Bar-Hilel, Gili.</subfield>
      <subfield code="e">translator</subfield>
      <subfield code="1">http://viaf.org/viaf/58439652</subfield>
      <subfield code="4">trl</subfield>
    </datafield>
    <datafield tag="700" ind1="1" ind2=" ">
      <subfield code="a">Rowling, J. K.,</subfield>
      <subfield code="d">1965-</subfield>
      <subfield code="i"> http://rdaregistry.info/Elements/w/precededByWork.en </subfield>
      <subfield code="i">Preceded by work</subfield>
      <subfield code="t">Hari Poter ve-heder ha-sodot</subfield>
      <subfield code="1">http://viaf.org/viaf/182450328</subfield>
    </datafield>
    <datafield tag="830" ind1=" " ind2="0">
      <subfield code="a">Prozah (Yediot aharonot (Firm))</subfield>
    </datafield>
    <datafield tag="841" ind1=" " ind2=" ">
      <subfield code="5">Jud</subfield>
      <subfield code="a">x a</subfield>
      <subfield code="b">190227||0000|||||000||||||000000</subfield>
      <subfield code="e">|</subfield>
    </datafield>
    <datafield tag="852" ind1=" " ind2=" ">
      <subfield code="5">Jud</subfield>
      <subfield code="b">Jud</subfield>
      <subfield code="c">Bajit: 22:6H</subfield>
    </datafield>
    <datafield tag="880" ind1="1" ind2=" ">
      <subfield code="6">100-01/(2/r</subfield>
      <subfield code="a">, . .</subfield>
    </datafield>
    <datafield tag="880" ind1="1" ind2="0">
      <subfield code="6">245-02/(2/r</subfield>
      <subfield code="a"> /</subfield>
      <subfield code="c">. . ; , .</subfield>
    </datafield>
    <datafield tag="880" ind1=" " ind2=" ">
      <subfield code="6">260-03/(2/r</subfield>
      <subfield code="a"> :</subfield>
      <subfield code="b"> :</subfield>
      <subfield code="b"> :</subfield>
      <subfield code="b"> ,</subfield>
      <subfield code="c">c2001.</subfield>
    </datafield>
    <datafield tag="880" ind1="0" ind2=" ">
      <subfield code="6">490-04/(2/r</subfield>
      <subfield code="a"> </subfield>
    </datafield>
    <datafield tag="887" ind1=" " ind2=" ">
      <subfield code="a"
        >{"@id":"hrbb6vshfd64w8t9","modified":"2019-02-27T10:01:31.015+01:00","checksum":"56418085251"}</subfield>
      <subfield code="2">librisxl</subfield>
    </datafield>
    <datafield tag="887" ind1=" " ind2=" ">
      <subfield code="5">Jud</subfield>
      <subfield code="a"
        >{"@id":"dn773tzsbhwrw5xm","modified":"2019-02-27T10:02:32.537+01:00","checksum":"114163719017"}</subfield>
      <subfield code="2">librisxl</subfield>
    </datafield>
  </record>