
  <record><!--Svenske Samkatalogen: Kharri Potter ba Filosofiin chuluu: Rowling, J. K..: mongolsk, mon-->
    <leader>03711cam a22007817i 4500</leader>
    <controlfield tag="001">js9sqlwxgzhsxcg7</controlfield>
    <controlfield tag="003">LIBRIS</controlfield>
    <controlfield tag="005">20190301113159.0</controlfield>
    <controlfield tag="008">190205s2017    mp ||||j||||||000 ||mon|c</controlfield>
    <datafield tag="020" ind1=" " ind2=" ">
      <subfield code="a">9789997314574</subfield>
    </datafield>
    <datafield tag="040" ind1=" " ind2=" ">
      <subfield code="a">Ilc</subfield>
      <subfield code="b">swe</subfield>
      <subfield code="e">i</subfield>
      <subfield code="e">rda</subfield>
    </datafield>
    <datafield tag="041" ind1="1" ind2=" ">
      <subfield code="a">mon</subfield>
      <subfield code="h">eng</subfield>
    </datafield>
    <datafield tag="082" ind1="0" ind2="4">
      <subfield code="a">894.2</subfield>
      <subfield code="2">22 (machine generated)</subfield>
    </datafield>
    <datafield tag="084" ind1=" " ind2=" ">
      <subfield code="a">Huuee.01</subfield>
      <subfield code="2">kssb/8</subfield>
    </datafield>
    <datafield tag="100" ind1="1" ind2=" ">
      <subfield code="a">Rowling, J. K.</subfield>
      <subfield code="4">aut</subfield>
      <subfield code="1">https://libris.kb.se/20dgctjl3gb5gzg#it</subfield>
      <subfield code="d">1965-</subfield>
      <subfield code="q">(Joanne Kathleen)</subfield>
      <subfield code="1">http://viaf.org/viaf/116796842</subfield>
    </datafield>
    <datafield tag="240" ind1="1" ind2="0">
      <subfield code="a">Harry Potter and the philosopher's stone.</subfield>
      <subfield code="l">Mongoliska</subfield>
    </datafield>
    <datafield tag="245" ind1="1" ind2="0">
      <subfield code="a">Kharri Potter ba Filosofiin chuluu :</subfield>
      <subfield code="b">1 /</subfield>
      <subfield code="c">J.K. Rouling ; angli khelnees orchuulsan N. Ehkhnaran.</subfield>
    </datafield>
    <datafield tag="264" ind1=" " ind2="1">
      <subfield code="a">Ulaanbaatar :</subfield>
      <subfield code="b">Monsudar,</subfield>
      <subfield code="c">2017</subfield>
    </datafield>
    <datafield tag="300" ind1=" " ind2=" ">
      <subfield code="a">341 sidor</subfield>
    </datafield>
    <datafield tag="336" ind1=" " ind2=" ">
      <subfield code="a">text</subfield>
      <subfield code="b">txt</subfield>
      <subfield code="0"> http://www.rdaregistry.info/termList/RDAContentType/#1020</subfield>
      <subfield code="2">rdacontent</subfield>
    </datafield>
    <datafield tag="337" ind1=" " ind2=" ">
      <subfield code="a">unmediated</subfield>
      <subfield code="b">n</subfield>
      <subfield code="0">http://rdaregistry.info/termList/RDAMediaType/1007</subfield>
      <subfield code="2">rdamedia</subfield>
    </datafield>
    <datafield tag="338" ind1=" " ind2=" ">
      <subfield code="a">volume</subfield>
      <subfield code="b">nc</subfield>
      <subfield code="0"> http://www.rdaregistry.info/termList/RDACarrierType/#1049</subfield>
      <subfield code="2">rdacarrier</subfield>
    </datafield>
    <datafield tag="380" ind1=" " ind2=" ">
      <subfield code="a">book</subfield>
      <subfield code="1">http://id.loc.gov/vocabulary/marcgt/boo</subfield>
      <subfield code="2">marcgt</subfield>
    </datafield>
    <datafield tag="490" ind1="1" ind2=" ">
      <subfield code="a">Kharri Potter ;</subfield>
      <subfield code="v">1</subfield>
    </datafield>
    <datafield tag="600" ind1="1" ind2="4">
      <subfield code="a">Potter, Harry</subfield>
      <subfield code="c">(fiktiv gestalt)</subfield>
      <subfield code="0">https://libris.kb.se/gdsvxlr05j7dtx8#it</subfield>
    </datafield>
    <datafield tag="650" ind1=" " ind2="7">
      <subfield code="a">Parallella vr̃ldar</subfield>
      <subfield code="0">https://id.kb.se/term/barn/Parallella%20v%C3%A4rldar</subfield>
      <subfield code="2">barn</subfield>
    </datafield>
    <datafield tag="650" ind1=" " ind2="7">
      <subfield code="a">Internatskolor</subfield>
      <subfield code="0">https://id.kb.se/term/barn/Internatskolor</subfield>
      <subfield code="2">barn</subfield>
    </datafield>
    <datafield tag="650" ind1=" " ind2="7">
      <subfield code="a">Pojkar</subfield>
      <subfield code="0">https://id.kb.se/term/barn/Pojkar</subfield>
      <subfield code="2">barn</subfield>
    </datafield>
    <datafield tag="650" ind1=" " ind2="7">
      <subfield code="a">Fr̲l̃drals̲</subfield>
      <subfield code="0">https://id.kb.se/term/barn/F%C3%B6r%C3%A4ldral%C3%B6s</subfield>
      <subfield code="2">barn</subfield>
    </datafield>
    <datafield tag="650" ind1=" " ind2="7">
      <subfield code="a">Slk̃tingar</subfield>
      <subfield code="0">https://id.kb.se/term/barn/Sl%C3%A4ktingar</subfield>
      <subfield code="2">barn</subfield>
    </datafield>
    <datafield tag="650" ind1=" " ind2="7">
      <subfield code="a">Trollkarlar</subfield>
      <subfield code="0">https://id.kb.se/term/barn/Trollkarlar</subfield>
      <subfield code="2">barn</subfield>
    </datafield>
    <datafield tag="650" ind1=" " ind2="7">
      <subfield code="a">Magi</subfield>
      <subfield code="0">https://id.kb.se/term/barn/Magi</subfield>
      <subfield code="2">barn</subfield>
    </datafield>
    <datafield tag="651" ind1=" " ind2="7">
      <subfield code="a">Storbritannien</subfield>
      <subfield code="z">England</subfield>
      <subfield code="0">https://id.kb.se/term/sao/Storbritannien--England</subfield>
      <subfield code="2">sao</subfield>
    </datafield>
    <datafield tag="655" ind1=" " ind2="7">
      <subfield code="a">Fantasy</subfield>
      <subfield code="0">https://id.kb.se/term/barngf/Fantasy</subfield>
      <subfield code="2">barngf</subfield>
    </datafield>
    <datafield tag="655" ind1=" " ind2="7">
      <subfield code="a">Mellanl̄dersbc̲ker</subfield>
      <subfield code="0">https://id.kb.se/term/barngf/Mellan%C3%A5ldersb%C3%B6cker</subfield>
      <subfield code="2">barngf</subfield>
    </datafield>
    <datafield tag="655" ind1=" " ind2="7">
      <subfield code="a">Barn- och ungdomslitteratur</subfield>
      <subfield code="0">https://id.kb.se/term/barngf/Barn-%20och%20ungdomslitteratur</subfield>
      <subfield code="2">barngf</subfield>
    </datafield>
    <datafield tag="700" ind1="1" ind2=" ">
      <subfield code="a">Enkhanaran, N.</subfield>
      <subfield code="e">translator</subfield>
      <subfield code="4">trl</subfield>
    </datafield>
    <datafield tag="830" ind1=" " ind2="0">
      <subfield code="a">Kharri Potter ;</subfield>
      <subfield code="v">1</subfield>
    </datafield>
    <datafield tag="841" ind1=" " ind2=" ">
      <subfield code="5">Ilc</subfield>
      <subfield code="a">x a</subfield>
      <subfield code="b">190205||0000|||||000||||||000000</subfield>
      <subfield code="e">|</subfield>
    </datafield>
    <datafield tag="852" ind1=" " ind2=" ">
      <subfield code="5">Ilc</subfield>
      <subfield code="b">Ilc</subfield>
      <subfield code="h">ugHuu</subfield>
    </datafield>
    <datafield tag="887" ind1=" " ind2=" ">
      <subfield code="a"
        >{"@id":"js9sqlwxgzhsxcg7","modified":"2019-03-01T11:31:59.413+01:00","checksum":"248615260531"}</subfield>
      <subfield code="2">librisxl</subfield>
    </datafield>
    <datafield tag="887" ind1=" " ind2=" ">
      <subfield code="5">Ilc</subfield>
      <subfield code="a"
        >{"@id":"08r862shx4p3tsxl","modified":"2019-02-05T14:50:11.946+01:00","checksum":"44866337060"}</subfield>
      <subfield code="2">librisxl</subfield>
    </datafield>
  </record>