
  <record><!--Svenske Samkatalogen: Red Nails: Howard, Robert, E.: engelsk, eng: eBok-->
    <leader>01944cam a22004333a 4500</leader>
    <controlfield tag="001">2b9ntlwr0fwfv5pn</controlfield>
    <controlfield tag="003">LIBRIS</controlfield>
    <controlfield tag="005">20180926151601.0</controlfield>
    <controlfield tag="007">cr |||   |||||         </controlfield>
    <controlfield tag="008">180926s2018    sw |||||o|||||000 f|eng|d</controlfield>
    <datafield tag="020" ind1=" " ind2=" ">
      <subfield code="a">9789151703442</subfield>
    </datafield>
    <datafield tag="024" ind1="7" ind2=" ">
      <subfield code="5">Elib</subfield>
      <subfield code="a">1068155</subfield>
      <subfield code="2">Distributr̲: Elib</subfield>
    </datafield>
    <datafield tag="024" ind1="7" ind2=" ">
      <subfield code="5">Gnes</subfield>
      <subfield code="a">1068155</subfield>
      <subfield code="2">Distributr̲: Elib</subfield>
    </datafield>
    <datafield tag="024" ind1="7" ind2=" ">
      <subfield code="5">TimE</subfield>
      <subfield code="a">1068155</subfield>
      <subfield code="2">Distributr̲: Elib</subfield>
    </datafield>
    <datafield tag="035" ind1=" " ind2=" ">
      <subfield code="a">Elib1068155</subfield>
    </datafield>
    <datafield tag="040" ind1=" " ind2=" ">
      <subfield code="a">SEK</subfield>
      <subfield code="e">a</subfield>
    </datafield>
    <datafield tag="041" ind1=" " ind2=" ">
      <subfield code="a">eng</subfield>
    </datafield>
    <datafield tag="072" ind1=" " ind2="7">
      <subfield code="a">FA</subfield>
      <subfield code="2">bicssc</subfield>
    </datafield>
    <datafield tag="100" ind1="1" ind2=" ">
      <subfield code="a">Howard, Robert E.</subfield>
      <subfield code="d">1906-1936</subfield>
      <subfield code="e">author</subfield>
      <subfield code="q">Howard, Robert Ervin</subfield>
      <subfield code="4">aut</subfield>
      <subfield code="1">http://viaf.org/viaf/41841537</subfield>
    </datafield>
    <datafield tag="240" ind1="1" ind2="0">
      <subfield code="a"> Red nails </subfield>
      <subfield code="l">English</subfield>
      <subfield code="1">http://viaf.org/viaf/256152502872710800003</subfield>
    </datafield>
    <datafield tag="245" ind1="1" ind2="0">
      <subfield code="a">Red Nails</subfield>
      <subfield code="h">[Elektronisk resurs]</subfield>
    </datafield>
    <datafield tag="264" ind1=" " ind2="1">
      <subfield code="b">Reading Classics,</subfield>
      <subfield code="c">2018</subfield>
    </datafield>
    <datafield tag="336" ind1=" " ind2=" ">
      <subfield code="a">text</subfield>
      <subfield code="1">http://www.rdaregistry.info/termList/RDAContentType/#1020</subfield>
      <subfield code="2">rdacontent</subfield>
    </datafield>
    <datafield tag="336" ind1=" " ind2=" ">
      <subfield code="a">still image</subfield>
      <subfield code="1">http://rdaregistry.info/termList/RDAContentType/1014</subfield>
      <subfield code="2">rdacontent</subfield>
    </datafield>
    <datafield tag="337" ind1=" " ind2=" ">
      <subfield code="a">computer</subfield>
      <subfield code="1">http://rdaregistry.info/termList/RDAMediaType/1003 </subfield>
      <subfield code="2">rdamedia</subfield>
    </datafield>
    <datafield tag="338" ind1=" " ind2=" ">
      <subfield code="a">online resource</subfield>
      <subfield code="1">http://rdaregistry.info/termList/RDACarrierType/1018 </subfield>
      <subfield code="2">rdacarrier</subfield>
    </datafield>
    <datafield tag="380" ind1=" " ind2=" ">
      <subfield code="a">book</subfield>
      <subfield code="1">http://id.loc.gov/vocabulary/marcgt/boo</subfield>
      <subfield code="2">marcgt</subfield>
    </datafield>
    <datafield tag="500" ind1=" " ind2=" ">
      <subfield code="5">Gnes</subfield>
      <subfield code="a">Offline epub med Adobe-kryptering (0.08 MB)</subfield>
    </datafield>
    <datafield tag="500" ind1=" " ind2=" ">
      <subfield code="5">TimE</subfield>
      <subfield code="a">Offline epub med Adobe-kryptering (0.08 MB)</subfield>
    </datafield>
    <datafield tag="599" ind1=" " ind2=" ">
      <subfield code="a">♯ndrad av Elib 2018-04-27</subfield>
    </datafield>
    <datafield tag="655" ind1=" " ind2="4">
      <subfield code="0">https://id.kb.se/marc/Novel</subfield>
    </datafield>
    <datafield tag="655" ind1=" " ind2="4">
      <subfield code="a">E-bc̲ker</subfield>
    </datafield>
    <datafield tag="655" ind1=" " ind2="4">
      <subfield code="a">Romaner</subfield>
    </datafield>
    <datafield tag="841" ind1=" " ind2=" ">
      <subfield code="5">Elib</subfield>
      <subfield code="a">x a</subfield>
      <subfield code="b">180926||0000|||||000||||||000000</subfield>
      <subfield code="e">1</subfield>
    </datafield>
    <datafield tag="841" ind1=" " ind2=" ">
      <subfield code="5">Gnes</subfield>
      <subfield code="a">x a</subfield>
      <subfield code="b">190213||0000|||||000||||||000000</subfield>
      <subfield code="e">1</subfield>
    </datafield>
    <datafield tag="841" ind1=" " ind2=" ">
      <subfield code="5">TimE</subfield>
      <subfield code="a">x a</subfield>
      <subfield code="b">190111||0000|||||000||||||000000</subfield>
      <subfield code="e">1</subfield>
    </datafield>
    <datafield tag="852" ind1=" " ind2=" ">
      <subfield code="5">Elib</subfield>
      <subfield code="b">Elib</subfield>
      <subfield code="x">origin:Elib</subfield>
    </datafield>
    <datafield tag="852" ind1=" " ind2=" ">
      <subfield code="5">Gnes</subfield>
      <subfield code="b">Gnes</subfield>
      <subfield code="c">E-Bok</subfield>
      <subfield code="h">He.01/DR</subfield>
      <subfield code="x">origin:Elib</subfield>
      <subfield code="z">Offline epub med Adobe-kryptering (0.08 MB)</subfield>
    </datafield>
    <datafield tag="852" ind1=" " ind2=" ">
      <subfield code="5">TimE</subfield>
      <subfield code="b">TimE</subfield>
      <subfield code="c">E-Bok</subfield>
      <subfield code="h">He.01/DR</subfield>
      <subfield code="x">origin:Elib</subfield>
      <subfield code="z">Offline epub med Adobe-kryptering (0.08 MB)</subfield>
    </datafield>
    <datafield tag="856" ind1="4" ind2="2">
      <subfield code="u">https://images.elib.se/cover/1068155/1068155_201804290659.jpg</subfield>
      <subfield code="x">digipic</subfield>
      <subfield code="z">Omslagsbild</subfield>
    </datafield>
    <datafield tag="887" ind1=" " ind2=" ">
      <subfield code="a"
        >{"@id":"2b9ntlwr0fwfv5pn","modified":"2018-09-26T15:16:01.022+02:00","checksum":"29098128360"}</subfield>
      <subfield code="2">librisxl</subfield>
    </datafield>
    <datafield tag="887" ind1=" " ind2=" ">
      <subfield code="5">Elib</subfield>
      <subfield code="a"
        >{"@id":"7hgt0r205mffcztp","modified":"2019-02-13T11:36:15.587+01:00","checksum":"22431912302"}</subfield>
      <subfield code="2">librisxl</subfield>
    </datafield>
    <datafield tag="887" ind1=" " ind2=" ">
      <subfield code="5">Gnes</subfield>
      <subfield code="a"
        >{"@id":"ktcrqldvhfhhpt59","modified":"2019-02-13T11:36:15.659+01:00","checksum":"23843222912"}</subfield>
      <subfield code="2">librisxl</subfield>
    </datafield>
    <datafield tag="887" ind1=" " ind2=" ">
      <subfield code="5">TimE</subfield>
      <subfield code="a"
        >{"@id":"t3h43sv2r5jr6k3w","modified":"2019-01-11T14:30:30.001+01:00","checksum":"23988088632"}</subfield>
      <subfield code="2">librisxl</subfield>
    </datafield>
  </record>