
  <record><!--Svenske Samkatalogen: Weird Tals of COnan the barbarian: Howard, Robert, E.: engelsk, eng: eBok-->
    <leader>01069nam a22002655a 4500</leader>
    <controlfield tag="001">22603061</controlfield>
    <controlfield tag="003">LIBRIS</controlfield>
    <controlfield tag="005">20180423155636.0</controlfield>
    <controlfield tag="007">cr||||||||||||</controlfield>
    <controlfield tag="008">180423s2016    xx |||| o    |||| 0|und d</controlfield>
    <datafield tag="020" ind1=" " ind2=" ">
      <subfield code="z">0-486-79488-1 (Print)</subfield>
      <subfield code="z">978-0-486-79488-4 (Print)</subfield>
    </datafield>
    <datafield tag="035" ind1=" " ind2=" ">
      <subfield code="a">(WaSeSS)ssj0001672499</subfield>
    </datafield>
    <datafield tag="035" ind1=" " ind2=" ">
      <subfield code="5">KrhE</subfield>
      <subfield code="a">(WaSeSS)ssj0001672499</subfield>
    </datafield>
    <datafield tag="041" ind1=" " ind2=" ">
      <subfield code="a">eng</subfield>
    </datafield>
    <datafield tag="100" ind1="1" ind2=" ">
      <subfield code="a">Howard, Robert E.</subfield>
      <subfield code="d">1906-1936</subfield>
      <subfield code="e">author</subfield>
      <subfield code="q">Howard, Robert Ervin</subfield>
      <subfield code="4">aut</subfield>
      <subfield code="1">http://viaf.org/viaf/41841537</subfield>
    </datafield>
    <datafield tag="240" ind1="1" ind2="0">
      <subfield code="a"> Weird tales of Conan the Barbarian </subfield>
      <subfield code="l">English</subfield>
    </datafield>
    <datafield tag="245" ind1="1" ind2="0">
      <subfield code="a">weird tales of Conan the Barbarian</subfield>
      <subfield code="h">[Elektronisk resurs]</subfield>
    </datafield>
    <datafield tag="260" ind1=" " ind2=" ">
      <subfield code="c">2016</subfield>
    </datafield>
    <datafield tag="336" ind1=" " ind2=" ">
      <subfield code="a">text</subfield>
      <subfield code="1">http://www.rdaregistry.info/termList/RDAContentType/#1020</subfield>
      <subfield code="2">rdacontent</subfield>
    </datafield>
    <datafield tag="336" ind1=" " ind2=" ">
      <subfield code="a">still image</subfield>
      <subfield code="1">http://rdaregistry.info/termList/RDAContentType/1014</subfield>
      <subfield code="2">rdacontent</subfield>
    </datafield>
    <datafield tag="337" ind1=" " ind2=" ">
      <subfield code="a">computer</subfield>
      <subfield code="1">http://rdaregistry.info/termList/RDAMediaType/1003 </subfield>
      <subfield code="2">rdamedia</subfield>
    </datafield>
    <datafield tag="338" ind1=" " ind2=" ">
      <subfield code="a">online resource</subfield>
      <subfield code="1">http://rdaregistry.info/termList/RDACarrierType/1018 </subfield>
      <subfield code="2">rdacarrier</subfield>
    </datafield>
    <datafield tag="380" ind1=" " ind2=" ">
      <subfield code="a">book</subfield>
      <subfield code="1">http://id.loc.gov/vocabulary/marcgt/boo</subfield>
      <subfield code="2">marcgt</subfield>
    </datafield>
    <datafield tag="599" ind1=" " ind2=" ">
      <subfield code="a">WaSeSS</subfield>
    </datafield>
    <datafield tag="599" ind1=" " ind2=" ">
      <subfield code="a">Maskinellt genererad post. ♯ndra kod fr̲ fullstñdighetsniv ̄(leader/17),
        annars kommer manuellt gjorda ñdringar att fr̲svinna.</subfield>
    </datafield>
    <datafield tag="599" ind1=" " ind2=" ">
      <subfield code="5">KrhE</subfield>
      <subfield code="a">WaSeSS</subfield>
    </datafield>
    <datafield tag="650" ind1=" " ind2="4">
      <subfield code="a">American Literature</subfield>
    </datafield>
    <datafield tag="655" ind1=" " ind2="4">
      <subfield code="a">Electronic books</subfield>
    </datafield>
    <datafield tag="776" ind1="0" ind2="8">
      <subfield code="i">Print</subfield>
      <subfield code="t">weird tales of Conan the Barbarian</subfield>
      <subfield code="z">0486794881</subfield>
      <subfield code="z">9780486794884</subfield>
    </datafield>
    <datafield tag="841" ind1=" " ind2=" ">
      <subfield code="5">KrhE</subfield>
      <subfield code="a">x a</subfield>
      <subfield code="b">180410||0000|||||001||||||000000</subfield>
      <subfield code="e">1</subfield>
    </datafield>
    <datafield tag="852" ind1=" " ind2=" ">
      <subfield code="5">KrhE</subfield>
      <subfield code="b">KrhE</subfield>
    </datafield>
    <datafield tag="856" ind1="4" ind2="0">
      <subfield code="5">KrhE</subfield>
      <subfield code="u"
        >https://ezproxy.hkr.se/login?url=http://ebookcentral.proquest.com/lib/kristianstad-ebooks/detail.action?docID=4529979</subfield>
      <subfield code="z">Online access for HKR</subfield>
      <subfield code="z">Ebook Central</subfield>
    </datafield>
  </record>