
  <record><!--Svenske Samkatalogen: The Conan Chronicles: Howard, Robert, E.: engelsk, eng-->
    <leader>01206cam a22003258i 4500</leader>
    <controlfield tag="001">21653568</controlfield>
    <controlfield tag="003">LIBRIS</controlfield>
    <controlfield tag="005">20181003123356.0</controlfield>
    <controlfield tag="008">171005s2001    xx |||||||||||000 0|eng|d</controlfield>
    <datafield tag="020" ind1=" " ind2=" ">
      <subfield code="a">9781857987478</subfield>
      <subfield code="q">pocket</subfield>
    </datafield>
    <datafield tag="035" ind1=" " ind2=" ">
      <subfield code="a">(BOKR)9781857987478</subfield>
    </datafield>
    <datafield tag="040" ind1=" " ind2=" ">
      <subfield code="a">BOKR</subfield>
      <subfield code="e">i</subfield>
    </datafield>
    <datafield tag="041" ind1=" " ind2=" ">
      <subfield code="a">eng</subfield>
    </datafield>
    <datafield tag="100" ind1="1" ind2=" ">
      <subfield code="a">Howard, Robert E.</subfield>
      <subfield code="d">1906-1936</subfield>
      <subfield code="e">author</subfield>
      <subfield code="q">Howard, Robert Ervin</subfield>
      <subfield code="4">aut</subfield>
      <subfield code="1">http://viaf.org/viaf/41841537</subfield>
    </datafield>
    <datafield tag="240" ind1="1" ind2="0">
      <subfield code="a"> The lconan chronicles part 1 and 2 </subfield>
      <subfield code="l">English</subfield>
    </datafield>
    <datafield tag="245" ind1="1" ind2="4">
      <subfield code="a">The conan chronicles</subfield>
    </datafield>
    <datafield tag="245" ind1="1" ind2="0">
      <subfield code="a">Conan chronicles :</subfield>
      <subfield code="b">volume 2 - hour of the dragon</subfield>
    </datafield>
    <datafield tag="263" ind1=" " ind2=" ">
      <subfield code="a">200104</subfield>
    </datafield>
    <datafield tag="264" ind1=" " ind2="1">
      <subfield code="b">Orion Publishing Co,</subfield>
      <subfield code="c">2001</subfield>
    </datafield>
    <datafield tag="300" ind1=" " ind2=" ">
      <subfield code="a">592 sidor</subfield>
      <subfield code="c">19.7 cm</subfield>
    </datafield>
    <datafield tag="336" ind1=" " ind2=" ">
      <subfield code="a">text</subfield>
      <subfield code="1">http://www.rdaregistry.info/termList/RDAContentType/#1020</subfield>
      <subfield code="2">rdacontent</subfield>
    </datafield>
    <datafield tag="336" ind1=" " ind2=" ">
      <subfield code="a">still image</subfield>
      <subfield code="1">http://rdaregistry.info/termList/RDAContentType/1014</subfield>
      <subfield code="2">rdacontent</subfield>
    </datafield>
    <datafield tag="337" ind1=" " ind2=" ">
      <subfield code="a">unmediated</subfield>
      <subfield code="1">http://rdaregistry.info/termList/RDAMediaType/1007</subfield>
      <subfield code="2">rdamedia</subfield>
    </datafield>
    <datafield tag="338" ind1=" " ind2=" ">
      <subfield code="a">volume</subfield>
      <subfield code="1"> http://www.rdaregistry.info/termList/RDACarrierType/#1049</subfield>
      <subfield code="2">rdacarrier</subfield>
    </datafield>
    <datafield tag="340" ind1=" " ind2=" ">
      <subfield code="b">19.7 cm</subfield>
    </datafield>
    <datafield tag="380" ind1=" " ind2=" ">
      <subfield code="a">book</subfield>
      <subfield code="1">http://id.loc.gov/vocabulary/marcgt/boo</subfield>
      <subfield code="2">marcgt</subfield>
    </datafield>
    <datafield tag="490" ind1="0" ind2=" ">
      <subfield code="a">FANTASY MASTERWORKS</subfield>
    </datafield>
    <datafield tag="599" ind1=" " ind2=" ">
      <subfield code="a">Maskinellt genererad post. ♯ndra kod fr̲ fullstñdighetsniv ̄(leader/17),
        annars kommer manuellt gjorda ñdringar att fr̲svinna.</subfield>
    </datafield>
    <datafield tag="655" ind1=" " ind2="4">
      <subfield code="0">https://id.kb.se/marc/NotFictionNotFurtherSpecified</subfield>
    </datafield>
    <datafield tag="841" ind1=" " ind2=" ">
      <subfield code="5">BOKR</subfield>
      <subfield code="a">x a</subfield>
      <subfield code="b">171005||0000|||||000||||||000000</subfield>
      <subfield code="e">1</subfield>
    </datafield>
    <datafield tag="852" ind1=" " ind2=" ">
      <subfield code="5">BOKR</subfield>
      <subfield code="b">BOKR</subfield>
    </datafield>
    <datafield tag="887" ind1=" " ind2=" ">
      <subfield code="a"
        >{"@id":"8sl1zk3l5hml40s","modified":"2018-10-03T12:33:56.849+02:00","checksum":"29732828361"}</subfield>
      <subfield code="2">librisxl</subfield>
    </datafield>
    <datafield tag="887" ind1=" " ind2=" ">
      <subfield code="5">BOKR</subfield>
      <subfield code="a"
        >{"@id":"bgp1h64h406tn8x","modified":"2017-10-05T11:18:38+02:00","checksum":"52236197251"}</subfield>
      <subfield code="2">librisxl</subfield>
    </datafield>
  </record>