
  <record><!--Svenske Samkatalogen: The forgotten beasts of Eld: McKillip, Patricia A.: engelsk, eng-->
    <leader>03354cam a22009017i 4500</leader>
    <controlfield tag="001">21922173</controlfield>
    <controlfield tag="003">LIBRIS</controlfield>
    <controlfield tag="005">20180427082823.0</controlfield>
    <controlfield tag="008">171114t20171974cau           000 1 eng d</controlfield>
    <datafield tag="020" ind1=" " ind2=" ">
      <subfield code="a">1-61696-277-1</subfield>
      <subfield code="q">(paperback)</subfield>
    </datafield>
    <datafield tag="020" ind1=" " ind2=" ">
      <subfield code="a">978-1-61696-277-7</subfield>
      <subfield code="q">(paperback)</subfield>
    </datafield>
    <datafield tag="035" ind1=" " ind2=" ">
      <subfield code="a">(OCoLC)ocn973898520</subfield>
    </datafield>
    <datafield tag="035" ind1=" " ind2=" ">
      <subfield code="a">(OCoLC)973898520</subfield>
      <subfield code="z">(OCoLC)973292576</subfield>
      <subfield code="z">(OCoLC)973371664</subfield>
      <subfield code="z">(OCoLC)973511875</subfield>
      <subfield code="z">(OCoLC)973757389</subfield>
      <subfield code="z">(OCoLC)973797124</subfield>
      <subfield code="z">(OCoLC)974020975</subfield>
    </datafield>
    <datafield tag="040" ind1=" " ind2=" ">
      <subfield code="a">YDX</subfield>
      <subfield code="b">eng</subfield>
      <subfield code="e">rda</subfield>
      <subfield code="c">YDX</subfield>
      <subfield code="d">GP5</subfield>
      <subfield code="d">SO$</subfield>
      <subfield code="d">SRC</subfield>
      <subfield code="d">AJB</subfield>
      <subfield code="d">TOH</subfield>
      <subfield code="d">Lule</subfield>
    </datafield>
    <datafield tag="041" ind1="1" ind2=" ">
      <subfield code="a">eng</subfield>
    </datafield>
    <datafield tag="050" ind1=" " ind2="4">
      <subfield code="a">PZ7.M19864</subfield>
      <subfield code="b">Fo 2017</subfield>
    </datafield>
    <datafield tag="082" ind1="0" ind2="4">
      <subfield code="a">813.54</subfield>
      <subfield code="2">23</subfield>
    </datafield>
    <datafield tag="084" ind1=" " ind2=" ">
      <subfield code="a">Heq.01</subfield>
      <subfield code="2">kssb/8</subfield>
    </datafield>
    <datafield tag="100" ind1="1" ind2=" ">
      <subfield code="a">McKillip, Patricia A.,</subfield>
      <subfield code="d">1948-</subfield>
      <subfield code="e">author</subfield>
      <subfield code="q">(Patricia Anne)</subfield>
      <subfield code="4">aut</subfield>
      <subfield code="1">http://viaf.org/viaf/22195984</subfield>
    </datafield>
    <datafield tag="240" ind1="1" ind2="0">
      <subfield code="a">The forgotten beasts of Eld</subfield>
      <subfield code="l">Engelska</subfield>
      <subfield code="1">http://viaf.org/viaf/5584151052038233530000</subfield>
    </datafield>
    <datafield tag="245" ind1="1" ind2="4">
      <subfield code="a">The forgotten beasts of Eld /</subfield>
      <subfield code="c">Patricia A. McKillip.</subfield>
    </datafield>
    <datafield tag="250" ind1=" " ind2=" ">
      <subfield code="a">First Tachyon Publications edition.</subfield>
    </datafield>
    <datafield tag="260" ind1=" " ind2=" ">
      <subfield code="a">San Francisco, CA :</subfield>
      <subfield code="b">Tachyon Publications,</subfield>
      <subfield code="c">2017</subfield>
    </datafield>
    <datafield tag="264" ind1=" " ind2="1">
      <subfield code="a">San Francisco, CA :</subfield>
      <subfield code="b">Tachyon Publications,</subfield>
      <subfield code="c">2017.</subfield>
    </datafield>
    <datafield tag="264" ind1=" " ind2="4">
      <subfield code="c">♭1974.</subfield>
    </datafield>
    <datafield tag="300" ind1=" " ind2=" ">
      <subfield code="a">237 pages ;</subfield>
      <subfield code="c">19 cm</subfield>
    </datafield>
    <datafield tag="336" ind1=" " ind2=" ">
      <subfield code="a">text</subfield>
      <subfield code="1">http://www.rdaregistry.info/termList/RDAContentType/#1020</subfield>
      <subfield code="2">rdacontent</subfield>
    </datafield>
    <datafield tag="337" ind1=" " ind2=" ">
      <subfield code="a">unmediated</subfield>
      <subfield code="1">http://rdaregistry.info/termList/RDAMediaType/1007</subfield>
      <subfield code="2">rdamedia</subfield>
    </datafield>
    <datafield tag="338" ind1=" " ind2=" ">
      <subfield code="a">volume</subfield>
      <subfield code="1"> http://www.rdaregistry.info/termList/RDACarrierType/#1049</subfield>
      <subfield code="2">rdacarrier</subfield>
    </datafield>
    <datafield tag="380" ind1=" " ind2=" ">
      <subfield code="a">book</subfield>
      <subfield code="1">http://id.loc.gov/vocabulary/marcgt/boo</subfield>
      <subfield code="2">marcgt</subfield>
    </datafield>
    <datafield tag="520" ind1=" " ind2=" ">
      <subfield code="a">Raised on Eld mountain with only her father's magical menagerie for
        company, a young wizard is drawn irrevocably into the human world with all its sorrows and
        delights when a baby comes into her care.</subfield>
    </datafield>
    <datafield tag="650" ind1=" " ind2="0">
      <subfield code="a">Wizards</subfield>
      <subfield code="v">Fiction.</subfield>
    </datafield>
    <datafield tag="650" ind1=" " ind2="0">
      <subfield code="a">Magic</subfield>
      <subfield code="v">Fiction.</subfield>
    </datafield>
    <datafield tag="650" ind1=" " ind2="7">
      <subfield code="a">Wizards.</subfield>
      <subfield code="2">fast</subfield>
    </datafield>
    <datafield tag="650" ind1=" " ind2="7">
      <subfield code="a">FICTION / Fantasy / General.</subfield>
      <subfield code="2">bisacsh</subfield>
    </datafield>
    <datafield tag="650" ind1=" " ind2="7">
      <subfield code="a">Drakar</subfield>
      <subfield code="2">sao</subfield>
      <subfield code="0">143131</subfield>
    </datafield>
    <datafield tag="650" ind1=" " ind2="7">
      <subfield code="a">Hx̃or</subfield>
      <subfield code="2">sao</subfield>
      <subfield code="0">148423</subfield>
    </datafield>
    <datafield tag="650" ind1=" " ind2="7">
      <subfield code="a">Kr̃lek</subfield>
      <subfield code="2">sao</subfield>
      <subfield code="0">151860</subfield>
    </datafield>
    <datafield tag="650" ind1=" " ind2="7">
      <subfield code="a">Magi</subfield>
      <subfield code="2">sao</subfield>
      <subfield code="0">153169</subfield>
    </datafield>
    <datafield tag="650" ind1=" " ind2="0">
      <subfield code="a">Witches</subfield>
    </datafield>
    <datafield tag="650" ind1=" " ind2="0">
      <subfield code="a">Dragons</subfield>
    </datafield>
    <datafield tag="650" ind1=" " ind2="0">
      <subfield code="a">Love</subfield>
    </datafield>
    <datafield tag="650" ind1=" " ind2="0">
      <subfield code="a">Magic</subfield>
    </datafield>
    <datafield tag="655" ind1=" " ind2="7">
      <subfield code="a">Fantasy fiction.</subfield>
      <subfield code="2">lcgft</subfield>
    </datafield>
    <datafield tag="655" ind1=" " ind2="7">
      <subfield code="a">Fiction.</subfield>
      <subfield code="2">fast</subfield>
    </datafield>
    <datafield tag="655" ind1=" " ind2="7">
      <subfield code="a">Fantasy</subfield>
      <subfield code="2">saogf</subfield>
      <subfield code="0">245336</subfield>
      <subfield code="0">243893</subfield>
    </datafield>
    <datafield tag="655" ind1=" " ind2="7">
      <subfield code="a">Romaner</subfield>
      <subfield code="2">saogf</subfield>
      <subfield code="0">389072</subfield>
    </datafield>
    <datafield tag="841" ind1=" " ind2=" ">
      <subfield code="5">Bode</subfield>
      <subfield code="a">x a</subfield>
      <subfield code="b">1711150u 0 4000uu |000000</subfield>
      <subfield code="e">1</subfield>
    </datafield>
    <datafield tag="841" ind1=" " ind2=" ">
      <subfield code="5">Um</subfield>
      <subfield code="a">x aa</subfield>
      <subfield code="b">180426||0000|||||000||||||000000</subfield>
      <subfield code="e">n</subfield>
    </datafield>
    <datafield tag="852" ind1=" " ind2=" ">
      <subfield code="5">Bode</subfield>
      <subfield code="b">Bode</subfield>
    </datafield>
    <datafield tag="852" ind1=" " ind2=" ">
      <subfield code="5">Um</subfield>
      <subfield code="b">Um</subfield>
    </datafield>
  </record>