
  <record><!--Svenske Samkatalogen: Ombria in shadow: McKillip, Patricia A.: engelsk, eng: lydbok, lydopptak-->
    <leader>01688cim a22004457a 4500</leader>
    <controlfield tag="001">14717798</controlfield>
    <controlfield tag="003">LIBRIS</controlfield>
    <controlfield tag="005">20170301143004.0</controlfield>
    <controlfield tag="007">sd||||||||||||</controlfield>
    <controlfield tag="008">131001s2013    sw nnnne ||||||f  n eng c</controlfield>
    <datafield tag="024" ind1="7" ind2=" ">
      <subfield code="a">CA10540</subfield>
      <subfield code="2">MTM medienummer</subfield>
    </datafield>
    <datafield tag="035" ind1=" " ind2=" ">
      <subfield code="a">(MTM)CA10540</subfield>
    </datafield>
    <datafield tag="035" ind1=" " ind2=" ">
      <subfield code="5">Mtm</subfield>
      <subfield code="a">(MTM)CA10540</subfield>
    </datafield>
    <datafield tag="040" ind1=" " ind2=" ">
      <subfield code="a">Mtm</subfield>
    </datafield>
    <datafield tag="041" ind1="0" ind2=" ">
      <subfield code="a">eng</subfield>
    </datafield>
    <datafield tag="042" ind1=" " ind2=" ">
      <subfield code="9">Mtm</subfield>
    </datafield>
    <datafield tag="046" ind1=" " ind2=" ">
      <subfield code="a">m</subfield>
      <subfield code="m">20131001</subfield>
      <subfield code="n">20131130</subfield>
    </datafield>
    <datafield tag="082" ind1="0" ind2="4">
      <subfield code="a">823</subfield>
      <subfield code="2">22 (machine generated)</subfield>
    </datafield>
    <datafield tag="084" ind1=" " ind2=" ">
      <subfield code="a">He.01/TC</subfield>
      <subfield code="2">kssb/8</subfield>
    </datafield>
    <datafield tag="100" ind1="1" ind2=" ">
      <subfield code="a">McKillip, Patricia A.,</subfield>
      <subfield code="d">1948-</subfield>
      <subfield code="e">author</subfield>
      <subfield code="q">(Patricia Anne)</subfield>
      <subfield code="4">aut</subfield>
      <subfield code="1">http://viaf.org/viaf/22195984</subfield>
    </datafield>
    <datafield tag="240" ind1="1" ind2="0">
      <subfield code="a">Ombria in shadow</subfield>
      <subfield code="l">Svenska</subfield>
    </datafield>
    <datafield tag="245" ind1="1" ind2="0">
      <subfield code="a">Ombria in shadow</subfield>
      <subfield code="h">[Ljudupptagning] :</subfield>
      <subfield code="c">Patricia A. McKillip</subfield>
    </datafield>
    <datafield tag="260" ind1=" " ind2=" ">
      <subfield code="a">Johanneshov :</subfield>
      <subfield code="b">MTM,</subfield>
      <subfield code="c">2013</subfield>
    </datafield>
    <datafield tag="300" ind1=" " ind2=" ">
      <subfield code="a">1 CD-R (9 tim., 22 min.) :</subfield>
      <subfield code="b">mono</subfield>
    </datafield>
    <datafield tag="336" ind1=" " ind2=" ">
      <subfield code="a">spoken word</subfield>
      <subfield code="1">http://www.rdaregistry.info/termList/RDAContentType/#1013</subfield>
      <subfield code="2">rdacontent</subfield>
    </datafield>
    <datafield tag="337" ind1=" " ind2=" ">
      <subfield code="a">audio</subfield>
      <subfield code="1">http://rdaregistry.info/termList/RDAMediaType/1001</subfield>
      <subfield code="2">rdamedia</subfield>
    </datafield>
    <datafield tag="338" ind1=" " ind2=" ">
      <subfield code="a">computer disc</subfield>
      <subfield code="1">http://rdaregistry.info/termList/RDACarrierType/1013</subfield>
      <subfield code="2">rdacarrier</subfield>
    </datafield>
    <datafield tag="380" ind1=" " ind2=" ">
      <subfield code="a">sound</subfield>
      <subfield code="1">http://id.loc.gov/vocabulary/marcgt/sou</subfield>
      <subfield code="2">marcgt</subfield>
    </datafield>
    <datafield tag="500" ind1=" " ind2=" ">
      <subfield code="a">Digital talbok (DAISY 2.02), ljud</subfield>
    </datafield>
    <datafield tag="500" ind1=" " ind2=" ">
      <subfield code="a">Inls̃t ur: Paperback ed. New York : Ace Books, 2003. ISBN 0-441-01016-4,
        978-0-441-01016-5</subfield>
    </datafield>
    <datafield tag="506" ind1="1" ind2=" ">
      <subfield code="a">Tillgñglig fr̲ personer med ls̃nedst̃tning enligt ʹ 17
        Upphovsrt̃tslagen</subfield>
      <subfield code="u">http://www.mtm.se/om-oss/uppdrag-och-lagar/upphovsrattslagen/</subfield>
    </datafield>
    <datafield tag="538" ind1=" " ind2=" ">
      <subfield code="a">Filstorlek: 194 MB</subfield>
    </datafield>
    <datafield tag="599" ind1=" " ind2=" ">
      <subfield code="a">MTM MarcRecordId: 200106</subfield>
    </datafield>
    <datafield tag="599" ind1=" " ind2=" ">
      <subfield code="5">Mtm</subfield>
      <subfield code="a">Posten ñdrad i Legimus 20170522</subfield>
    </datafield>
    <datafield tag="653" ind1=" " ind2=" ">
      <subfield code="a">Talboksinls̃ning fr̲ hg̲skolestudier</subfield>
    </datafield>
    <datafield tag="653" ind1=" " ind2=" ">
      <subfield code="a">Fantasy</subfield>
    </datafield>
    <datafield tag="655" ind1=" " ind2="4">
      <subfield code="a">DAISY</subfield>
    </datafield>
    <datafield tag="700" ind1="0" ind2=" ">
      <subfield code="a">Leon, Kristina</subfield>
      <subfield code="1">http://viaf.org/viaf/18152079129407112131</subfield>
      <subfield code="4">nrt</subfield>
    </datafield>
    <datafield tag="776" ind1="0" ind2="8">
      <subfield code="i">Inls̃t ur</subfield>
      <subfield code="t">Ombria in shadow</subfield>
      <subfield code="z">0441010164</subfield>
    </datafield>
    <datafield tag="841" ind1=" " ind2=" ">
      <subfield code="5">Mtm</subfield>
      <subfield code="a">x a</subfield>
      <subfield code="b">170522||0000|||||000||||||000000</subfield>
      <subfield code="e">1</subfield>
    </datafield>
    <datafield tag="852" ind1=" " ind2=" ">
      <subfield code="5">Mtm</subfield>
      <subfield code="b">Mtm</subfield>
      <subfield code="h">He/TC</subfield>
    </datafield>
    <datafield tag="856" ind1=" " ind2=" ">
      <subfield code="s">203598820</subfield>
    </datafield>
    <datafield tag="856" ind1="4" ind2="0">
      <subfield code="5">Mtm</subfield>
      <subfield code="u">http://www.legimus.se/work/redirect?MedieNr=CA10540</subfield>
      <subfield code="z">Ladda ner. Tillgñglig fr̲ personer med ls̃nedst̃tning enligt ʹ 17
        Upphovsrt̃tslagen</subfield>
    </datafield>
    <datafield tag="886" ind1="0" ind2=" ">
      <subfield code="2">BURK IV</subfield>
      <subfield code="b">KICASWSW0190ENGS BD</subfield>
    </datafield>
  </record>