
  <record><!--Svenske Samkatalogen: Dotter till hav och eld: McKillip, Patricia A.: svensk, swe:oversatt: lydbok, lydopptak-->
    <leader>02342cim a22005177a 4500</leader>
    <controlfield tag="001">12627017</controlfield>
    <controlfield tag="003">LIBRIS</controlfield>
    <controlfield tag="005">20170512102346.0</controlfield>
    <controlfield tag="007">sd||||||||||||</controlfield>
    <controlfield tag="008">120302s2005    sw nnnne ||||||f  n swe c</controlfield>
    <datafield tag="024" ind1="7" ind2=" ">
      <subfield code="a">C34009</subfield>
      <subfield code="2">MTM medienummer</subfield>
    </datafield>
    <datafield tag="035" ind1=" " ind2=" ">
      <subfield code="a">(MTM)C34009</subfield>
    </datafield>
    <datafield tag="035" ind1=" " ind2=" ">
      <subfield code="5">Mtm</subfield>
      <subfield code="a">(MTM)C34009</subfield>
    </datafield>
    <datafield tag="040" ind1=" " ind2=" ">
      <subfield code="a">Mtm</subfield>
    </datafield>
    <datafield tag="041" ind1="1" ind2=" ">
      <subfield code="a">swe</subfield>
      <subfield code="h">eng</subfield>
    </datafield>
    <datafield tag="042" ind1=" " ind2=" ">
      <subfield code="9">Mtm</subfield>
    </datafield>
    <datafield tag="046" ind1=" " ind2=" ">
      <subfield code="a">m</subfield>
      <subfield code="m">20000101</subfield>
      <subfield code="n">20000301</subfield>
    </datafield>
    <datafield tag="082" ind1="0" ind2="4">
      <subfield code="a">839.78</subfield>
      <subfield code="2">22 (machine generated)</subfield>
    </datafield>
    <datafield tag="084" ind1=" " ind2=" ">
      <subfield code="a">Hcee.01/TC</subfield>
      <subfield code="2">kssb/8</subfield>
    </datafield>
    <datafield tag="100" ind1="1" ind2=" ">
      <subfield code="a">McKillip, Patricia A.,</subfield>
      <subfield code="d">1948-</subfield>
      <subfield code="e">author</subfield>
      <subfield code="q">(Patricia Anne)</subfield>
      <subfield code="4">aut</subfield>
      <subfield code="1">http://viaf.org/viaf/22195984</subfield>
    </datafield>
    <datafield tag="240" ind1="1" ind2="0">
      <subfield code="a">Heir of sea and fire</subfield>
      <subfield code="l">Svenska</subfield>
    </datafield>
    <datafield tag="245" ind1="1" ind2="0">
      <subfield code="a">Dotter till hav och eld</subfield>
      <subfield code="h">[Ljudupptagning] :</subfield>
      <subfield code="c">Patricia A. McKillip ; v̲erst̃tning: Johan Frick</subfield>
    </datafield>
    <datafield tag="249" ind1=" " ind2="0">
      <subfield code="a">Heir of sea and fire</subfield>
    </datafield>
    <datafield tag="260" ind1=" " ind2=" ">
      <subfield code="a">Enskede :</subfield>
      <subfield code="b">TPB,</subfield>
      <subfield code="c">2005</subfield>
    </datafield>
    <datafield tag="300" ind1=" " ind2=" ">
      <subfield code="a">1 CD-R (6 tim., 26 min.) :</subfield>
      <subfield code="b">mono</subfield>
    </datafield>
    <datafield tag="336" ind1=" " ind2=" ">
      <subfield code="a">spoken word</subfield>
      <subfield code="1">http://www.rdaregistry.info/termList/RDAContentType/#1013</subfield>
      <subfield code="2">rdacontent</subfield>
    </datafield>
    <datafield tag="337" ind1=" " ind2=" ">
      <subfield code="a">audio</subfield>
      <subfield code="1">http://rdaregistry.info/termList/RDAMediaType/1001</subfield>
      <subfield code="2">rdamedia</subfield>
    </datafield>
    <datafield tag="338" ind1=" " ind2=" ">
      <subfield code="a">computer disc</subfield>
      <subfield code="1">http://rdaregistry.info/termList/RDACarrierType/1013</subfield>
      <subfield code="2">rdacarrier</subfield>
    </datafield>
    <datafield tag="380" ind1=" " ind2=" ">
      <subfield code="a">sound</subfield>
      <subfield code="1">http://id.loc.gov/vocabulary/marcgt/sou</subfield>
      <subfield code="2">marcgt</subfield>
    </datafield>
    <datafield tag="500" ind1=" " ind2=" ">
      <subfield code="a">Angēnde fr̲fattarens hr̃med sammanhñgande verk se: Gt̄ms̃taren</subfield>
    </datafield>
    <datafield tag="500" ind1=" " ind2=" ">
      <subfield code="a">Digital talbok (DAISY 2.02), ljud</subfield>
    </datafield>
    <datafield tag="500" ind1=" " ind2=" ">
      <subfield code="a">&amp;#xd6;verfr̲ing av analog inls̃ning frn̄: Enskede : TPB,
        1996</subfield>
    </datafield>
    <datafield tag="500" ind1=" " ind2=" ">
      <subfield code="a">Inls̃t ur: Stockholm : BW, 1995</subfield>
    </datafield>
    <datafield tag="500" ind1=" " ind2=" ">
      <subfield code="a">Boken ingr̄ i serien: Stjr̃nbr̃aren frn̄ Hed ; 2</subfield>
    </datafield>
    <datafield tag="506" ind1="1" ind2=" ">
      <subfield code="a">Tillgñglig fr̲ personer med ls̃nedst̃tning enligt ʹ 17
        Upphovsrt̃tslagen</subfield>
      <subfield code="u">http://www.mtm.se/om-oss/uppdrag-och-lagar/upphovsrattslagen/</subfield>
    </datafield>
    <datafield tag="520" ind1=" " ind2=" ">
      <subfield code="a">D.2 i fantasytrilogin inledd med Gt̄ms̃taren. Morgon r̃ fr̲svunnen och
        ryktet gr̄ att han r̃ dd̲. Hans trolovade, den skn̲a Raederle, ger sig av p ̄en farlig
        seglats fr̲ att sk̲a rt̃t p ̄honom. Bert̃telsen r̃ fylld av mystiska mt̲en och magiska
        tricks. Raederle visar sig g̃a oanade krafter och hon r̃ inte ensam p ̄sin fr̃d mot den Hg̲e
        i berget Erlenstjr̃na..</subfield>
    </datafield>
    <datafield tag="599" ind1=" " ind2=" ">
      <subfield code="a">MTM MarcRecordId: 110592</subfield>
    </datafield>
    <datafield tag="599" ind1=" " ind2=" ">
      <subfield code="5">Mtm</subfield>
      <subfield code="a">Posten ñdrad i Legimus 20170522</subfield>
    </datafield>
    <datafield tag="653" ind1=" " ind2=" ">
      <subfield code="a">Fantasy</subfield>
    </datafield>
    <datafield tag="655" ind1=" " ind2="4">
      <subfield code="a">DAISY</subfield>
    </datafield>
    <datafield tag="700" ind1="1" ind2=" ">
      <subfield code="a">Rudbc̃k, Maria</subfield>
      <subfield code="4">nrt</subfield>
    </datafield>
    <datafield tag="700" ind1="0" ind2=" ">
      <subfield code="a">Frick, Johan,</subfield>
      <subfield code="d">1965-2015</subfield>
      <subfield code="1">http://viaf.org/viaf/5145193185970460222</subfield>
      <subfield code="4">trl</subfield>
    </datafield>
    <datafield tag="740" ind1="0" ind2=" ">
      <subfield code="a">Stjr̃nbr̃aren frn̄ Hed ; 2</subfield>
    </datafield>
    <datafield tag="776" ind1="0" ind2="8">
      <subfield code="i">Inls̃t ur</subfield>
      <subfield code="t">Dotter till hav och eld</subfield>
    </datafield>
    <datafield tag="841" ind1=" " ind2=" ">
      <subfield code="5">Mtm</subfield>
      <subfield code="a">x a</subfield>
      <subfield code="b">170522||0000|||||000||||||000000</subfield>
      <subfield code="e">1</subfield>
    </datafield>
    <datafield tag="852" ind1=" " ind2=" ">
      <subfield code="5">Mtm</subfield>
      <subfield code="b">Mtm</subfield>
      <subfield code="h">Hce/TC</subfield>
    </datafield>
    <datafield tag="856" ind1=" " ind2=" ">
      <subfield code="s">140064928</subfield>
    </datafield>
    <datafield tag="856" ind1="4" ind2="0">
      <subfield code="5">Mtm</subfield>
      <subfield code="u">http://www.legimus.se/work/redirect?MedieNr=C34009</subfield>
      <subfield code="z">Ladda ner. Tillgñglig fr̲ personer med ls̃nedst̃tning enligt ʹ 17
        Upphovsrt̃tslagen</subfield>
    </datafield>
    <datafield tag="886" ind1="0" ind2=" ">
      <subfield code="2">BURK IV</subfield>
      <subfield code="b">PICASWSWP021SWES BD</subfield>
    </datafield>
    <datafield tag="887" ind1=" " ind2=" ">
      <subfield code="a">009</subfield>
      <subfield code="2">BURK IV</subfield>
      <subfield code="b">0000000000000000004670768B2</subfield>
    </datafield>
    <datafield tag="887" ind1=" " ind2=" ">
      <subfield code="a">009</subfield>
      <subfield code="2">BURK IV</subfield>
      <subfield code="o">02</subfield>
    </datafield>
  </record>