
  <record><!--Svenske Samkatalogen: Den långa flykten: Adams, Richard: svensk, swe: oversatt-->
    <leader>10761cam a2202041 i 4500</leader>
    <controlfield tag="001">22571401</controlfield>
    <controlfield tag="003">LIBRIS</controlfield>
    <controlfield tag="005">20190225111742.0</controlfield>
    <controlfield tag="008">180417s2018    sw |||||||||||000 f|swe|d</controlfield>
    <datafield tag="020" ind1=" " ind2=" ">
      <subfield code="a">9789174296143</subfield>
      <subfield code="q">pocket</subfield>
    </datafield>
    <datafield tag="035" ind1=" " ind2=" ">
      <subfield code="a">(BOKR)9789174296143</subfield>
    </datafield>
    <datafield tag="040" ind1=" " ind2=" ">
      <subfield code="a">BOKR</subfield>
      <subfield code="b">swe</subfield>
      <subfield code="d">S</subfield>
      <subfield code="e">i</subfield>
      <subfield code="e">rda</subfield>
    </datafield>
    <datafield tag="041" ind1="1" ind2=" ">
      <subfield code="a">swe</subfield>
      <subfield code="h">eng</subfield>
    </datafield>
    <datafield tag="042" ind1=" " ind2=" ">
      <subfield code="9">NB</subfield>
    </datafield>
    <datafield tag="082" ind1="0" ind2="4">
      <subfield code="a">839.78</subfield>
      <subfield code="2">22 (machine generated)</subfield>
    </datafield>
    <datafield tag="084" ind1=" " ind2=" ">
      <subfield code="a">Hcee.01</subfield>
      <subfield code="2">kssb/8</subfield>
    </datafield>
    <datafield tag="100" ind1="1" ind2=" ">
      <subfield code="a">Adams, Richard</subfield>
      <subfield code="d">1920-2016</subfield>
      <subfield code="e">author</subfield>
      <subfield code="4">aut</subfield>
      <subfield code="0">http://viaf.org/viaf/71386171</subfield>
    </datafield>
    <datafield tag="240" ind1="1" ind2="0">
      <subfield code="a">Watership down</subfield>
      <subfield code="l">Svenska</subfield>
    </datafield>
    <datafield tag="245" ind1="1" ind2="4">
      <subfield code="a">Den ln̄ga flykten /</subfield>
      <subfield code="c">Richard Adams ; v̲erst̃tning Britt G. Hallqvist.</subfield>
    </datafield>
    <datafield tag="264" ind1=" " ind2="1">
      <subfield code="a">[Stockholm] :</subfield>
      <subfield code="b">Bonnier pocket,</subfield>
      <subfield code="c">2018</subfield>
    </datafield>
    <datafield tag="300" ind1=" " ind2=" ">
      <subfield code="a">493 sidor</subfield>
    </datafield>
    <datafield tag="336" ind1=" " ind2=" ">
      <subfield code="a">text</subfield>
      <subfield code="1">http://www.rdaregistry.info/termList/RDAContentType/#1020</subfield>
      <subfield code="2">rdacontent</subfield>
    </datafield>
    <datafield tag="337" ind1=" " ind2=" ">
      <subfield code="a">unmediated</subfield>
      <subfield code="1">http://rdaregistry.info/termList/RDAMediaType/1007</subfield>
      <subfield code="2">rdamedia</subfield>
    </datafield>
    <datafield tag="338" ind1=" " ind2=" ">
      <subfield code="a">volume</subfield>
      <subfield code="1"> http://www.rdaregistry.info/termList/RDACarrierType/#1049</subfield>
      <subfield code="2">rdacarrier</subfield>
    </datafield>
    <datafield tag="380" ind1=" " ind2=" ">
      <subfield code="a">book</subfield>
      <subfield code="1">http://id.loc.gov/vocabulary/marcgt/boo</subfield>
      <subfield code="2">marcgt</subfield>
    </datafield>
    <datafield tag="500" ind1=" " ind2=" ">
      <subfield code="a">Fr̲sta svenska upplaga 1975</subfield>
    </datafield>
    <datafield tag="650" ind1=" " ind2="7">
      <subfield code="a">Kaniner</subfield>
      <subfield code="0">https://id.kb.se/term/sao/Kaniner</subfield>
      <subfield code="2">sao</subfield>
    </datafield>
    <datafield tag="650" ind1=" " ind2="7">
      <subfield code="a">&amp;#xd6;verlevnad</subfield>
      <subfield code="0">https://id.kb.se/term/sao/%C3%96verlevnad</subfield>
      <subfield code="2">sao</subfield>
    </datafield>
    <datafield tag="650" ind1=" " ind2="7">
      <subfield code="a">Social kontroll</subfield>
      <subfield code="0">https://id.kb.se/term/sao/Social%20kontroll</subfield>
      <subfield code="2">sao</subfield>
    </datafield>
    <datafield tag="650" ind1=" " ind2="7">
      <subfield code="a">Lantliv</subfield>
      <subfield code="0">https://id.kb.se/term/sao/Lantliv</subfield>
      <subfield code="2">sao</subfield>
    </datafield>
    <datafield tag="650" ind1=" " ind2="0">
      <subfield code="a">Rabbits</subfield>
    </datafield>
    <datafield tag="650" ind1=" " ind2="0">
      <subfield code="a">Country life</subfield>
    </datafield>
    <datafield tag="650" ind1=" " ind2="0">
      <subfield code="a">Social control</subfield>
    </datafield>
    <datafield tag="650" ind1=" " ind2="0">
      <subfield code="a">Survival</subfield>
    </datafield>
    <datafield tag="655" ind1=" " ind2="7">
      <subfield code="a">Romaner</subfield>
      <subfield code="0">https://id.kb.se/term/saogf/Romaner</subfield>
      <subfield code="2">saogf</subfield>
    </datafield>
    <datafield tag="655" ind1=" " ind2="7">
      <subfield code="a">Djurskildringar</subfield>
      <subfield code="0">https://id.kb.se/term/saogf/Djurskildringar</subfield>
      <subfield code="2">saogf</subfield>
    </datafield>
    <datafield tag="655" ind1=" " ind2="4">
      <subfield code="0">https://id.kb.se/marc/Novel</subfield>
    </datafield>
    <datafield tag="700" ind1="1" ind2=" ">
      <subfield code="a">Hallqvist, Britt G.</subfield>
      <subfield code="4">trl</subfield>
    </datafield>
    <datafield tag="841" ind1=" " ind2=" ">
      <subfield code="5">Aneb</subfield>
      <subfield code="a">x a</subfield>
      <subfield code="b">190116||0000|||||000||||||000000</subfield>
      <subfield code="e">1</subfield>
    </datafield>
    <datafield tag="841" ind1=" " ind2=" ">
      <subfield code="5">Anv</subfield>
      <subfield code="a">x 2</subfield>
      <subfield code="b">190130||0000|||||000||||||000000</subfield>
      <subfield code="e">|</subfield>
    </datafield>
    <datafield tag="841" ind1=" " ind2=" ">
      <subfield code="5">BOKR</subfield>
      <subfield code="a">x a</subfield>
      <subfield code="b">180417||0000|||||000||||||000000</subfield>
      <subfield code="e">1</subfield>
    </datafield>
    <datafield tag="841" ind1=" " ind2=" ">
      <subfield code="5">Bo</subfield>
      <subfield code="a">x a</subfield>
      <subfield code="b">190128||0000|||||000||||||000000</subfield>
      <subfield code="e">1</subfield>
    </datafield>
    <datafield tag="841" ind1=" " ind2=" ">
      <subfield code="5">Gall</subfield>
      <subfield code="a">x 2</subfield>
      <subfield code="b">190206||0000|||||000||||||000000</subfield>
      <subfield code="e">|</subfield>
    </datafield>
    <datafield tag="841" ind1=" " ind2=" ">
      <subfield code="5">Gav</subfield>
      <subfield code="a">x a</subfield>
      <subfield code="b">190130||0000|||||000||||||000000</subfield>
      <subfield code="e">1</subfield>
    </datafield>
    <datafield tag="841" ind1=" " ind2=" ">
      <subfield code="5">Gbg</subfield>
      <subfield code="a">x a</subfield>
      <subfield code="b">190113||0000|||||000||||||000000</subfield>
      <subfield code="e">1</subfield>
    </datafield>
    <datafield tag="841" ind1=" " ind2=" ">
      <subfield code="5">Hamn</subfield>
      <subfield code="a">x a</subfield>
      <subfield code="b">190220||0000|||||000||||||000000</subfield>
      <subfield code="e">1</subfield>
    </datafield>
    <datafield tag="841" ind1=" " ind2=" ">
      <subfield code="5">Hena</subfield>
      <subfield code="a">x a</subfield>
      <subfield code="b">190129||0000|||||000||||||000000</subfield>
      <subfield code="e">1</subfield>
    </datafield>
    <datafield tag="841" ind1=" " ind2=" ">
      <subfield code="5">Hib</subfield>
      <subfield code="a">x a</subfield>
      <subfield code="b">181220||0000|||||000||||||000000</subfield>
      <subfield code="e">|</subfield>
    </datafield>
    <datafield tag="841" ind1=" " ind2=" ">
      <subfield code="5">Hsd</subfield>
      <subfield code="a">x a</subfield>
      <subfield code="b">181114||0000|||||000||||||000000</subfield>
      <subfield code="e">1</subfield>
    </datafield>
    <datafield tag="841" ind1=" " ind2=" ">
      <subfield code="5">Jos</subfield>
      <subfield code="a">x a</subfield>
      <subfield code="b">190222||0000|||||000||||||000000</subfield>
      <subfield code="e">1</subfield>
    </datafield>
    <datafield tag="841" ind1=" " ind2=" ">
      <subfield code="5">Kld1</subfield>
      <subfield code="a">x a</subfield>
      <subfield code="b">190128||0000|||||000||||||000000</subfield>
      <subfield code="e">1</subfield>
    </datafield>
    <datafield tag="841" ind1=" " ind2=" ">
      <subfield code="5">Kopb</subfield>
      <subfield code="a">x a</subfield>
      <subfield code="b">190214||0000|||||000||||||000000</subfield>
      <subfield code="e">1</subfield>
    </datafield>
    <datafield tag="841" ind1=" " ind2=" ">
      <subfield code="5">Ksb</subfield>
      <subfield code="a">x a</subfield>
      <subfield code="b">190211||0000|||||000||||||000000</subfield>
      <subfield code="e">1</subfield>
    </datafield>
    <datafield tag="841" ind1=" " ind2=" ">
      <subfield code="5">Kusb</subfield>
      <subfield code="a">x a</subfield>
      <subfield code="b">181207||0000|||||000||||||000000</subfield>
      <subfield code="e">1</subfield>
    </datafield>
    <datafield tag="841" ind1=" " ind2=" ">
      <subfield code="5">L</subfield>
      <subfield code="a">x a</subfield>
      <subfield code="b">181127||0000|||||000||||||000000</subfield>
      <subfield code="e">|</subfield>
    </datafield>
    <datafield tag="841" ind1=" " ind2=" ">
      <subfield code="5">Ldsb</subfield>
      <subfield code="a">x a</subfield>
      <subfield code="b">190131||0000|||||000||||||000000</subfield>
      <subfield code="e">1</subfield>
    </datafield>
    <datafield tag="841" ind1=" " ind2=" ">
      <subfield code="5">Lisb</subfield>
      <subfield code="a">x a</subfield>
      <subfield code="b">190118||0000|||||000||||||000000</subfield>
      <subfield code="e">1</subfield>
    </datafield>
    <datafield tag="841" ind1=" " ind2=" ">
      <subfield code="5">Ljus</subfield>
      <subfield code="a">x a</subfield>
      <subfield code="b">190206||0000|||||000||||||000000</subfield>
      <subfield code="e">1</subfield>
    </datafield>
    <datafield tag="841" ind1=" " ind2=" ">
      <subfield code="5">Lule</subfield>
      <subfield code="a">x 2</subfield>
      <subfield code="b">190128||0000|||||000||||||000000</subfield>
      <subfield code="e">|</subfield>
    </datafield>
    <datafield tag="841" ind1=" " ind2=" ">
      <subfield code="5">Mo</subfield>
      <subfield code="a">x 2</subfield>
      <subfield code="b">190206||0000|||||000||||||000000</subfield>
      <subfield code="e">|</subfield>
    </datafield>
    <datafield tag="841" ind1=" " ind2=" ">
      <subfield code="5">Moln</subfield>
      <subfield code="a">x a</subfield>
      <subfield code="b">190206||0000|||||000||||||000000</subfield>
      <subfield code="e">1</subfield>
    </datafield>
    <datafield tag="841" ind1=" " ind2=" ">
      <subfield code="5">No</subfield>
      <subfield code="a">x a</subfield>
      <subfield code="b">190218||0000|||||000||||||000000</subfield>
      <subfield code="e">|</subfield>
    </datafield>
    <datafield tag="841" ind1=" " ind2=" ">
      <subfield code="5">Nodi</subfield>
      <subfield code="a">x a</subfield>
      <subfield code="b">190116||0000|||||000||||||000000</subfield>
      <subfield code="e">1</subfield>
    </datafield>
    <datafield tag="841" ind1=" " ind2=" ">
      <subfield code="5">Ockb</subfield>
      <subfield code="a">x a</subfield>
      <subfield code="b">190212||0000|||||000||||||000000</subfield>
      <subfield code="e">1</subfield>
    </datafield>
    <datafield tag="841" ind1=" " ind2=" ">
      <subfield code="5">Okb</subfield>
      <subfield code="a">x a</subfield>
      <subfield code="b">190204||0000|||||000||||||000000</subfield>
      <subfield code="e">1</subfield>
    </datafield>
    <datafield tag="841" ind1=" " ind2=" ">
      <subfield code="5">Pite</subfield>
      <subfield code="a">x a</subfield>
      <subfield code="b">190208||0000|||||000||||||000000</subfield>
      <subfield code="e">1</subfield>
    </datafield>
    <datafield tag="841" ind1=" " ind2=" ">
      <subfield code="5">S</subfield>
      <subfield code="a">x a</subfield>
      <subfield code="b">181127||0000|||||000||||||000000</subfield>
      <subfield code="e">|</subfield>
    </datafield>
    <datafield tag="841" ind1=" " ind2=" ">
      <subfield code="5">Sten</subfield>
      <subfield code="a">x a</subfield>
      <subfield code="b">190125||0000|||||000||||||000000</subfield>
      <subfield code="e">1</subfield>
    </datafield>
    <datafield tag="841" ind1=" " ind2=" ">
      <subfield code="5">Torb</subfield>
      <subfield code="a">x a</subfield>
      <subfield code="b">190125||0000|||||000||||||000000</subfield>
      <subfield code="e">1</subfield>
    </datafield>
    <datafield tag="841" ind1=" " ind2=" ">
      <subfield code="5">Trel</subfield>
      <subfield code="a">x a</subfield>
      <subfield code="b">190204||0000|||||000||||||000000</subfield>
      <subfield code="e">1</subfield>
    </datafield>
    <datafield tag="841" ind1=" " ind2=" ">
      <subfield code="5">Udd</subfield>
      <subfield code="a">x a</subfield>
      <subfield code="b">190214||0000|||||000||||||000000</subfield>
      <subfield code="e">1</subfield>
    </datafield>
    <datafield tag="841" ind1=" " ind2=" ">
      <subfield code="5">Um</subfield>
      <subfield code="a">x a</subfield>
      <subfield code="b">190125||0000|||||000||||||000000</subfield>
      <subfield code="e">1</subfield>
    </datafield>
    <datafield tag="841" ind1=" " ind2=" ">
      <subfield code="5">Vasb</subfield>
      <subfield code="a">x a</subfield>
      <subfield code="b">190219||0000|||||000||||||000000</subfield>
      <subfield code="e">|</subfield>
    </datafield>
    <datafield tag="852" ind1=" " ind2=" ">
      <subfield code="5">Aneb</subfield>
      <subfield code="b">Aneb</subfield>
    </datafield>
    <datafield tag="852" ind1=" " ind2=" ">
      <subfield code="5">Anv</subfield>
      <subfield code="b">Anv</subfield>
    </datafield>
    <datafield tag="852" ind1=" " ind2=" ">
      <subfield code="5">BOKR</subfield>
      <subfield code="b">BOKR</subfield>
    </datafield>
    <datafield tag="852" ind1=" " ind2=" ">
      <subfield code="5">Bo</subfield>
      <subfield code="b">Bo</subfield>
    </datafield>
    <datafield tag="852" ind1=" " ind2=" ">
      <subfield code="5">Gall</subfield>
      <subfield code="b">Gall</subfield>
    </datafield>
    <datafield tag="852" ind1=" " ind2=" ">
      <subfield code="5">Gav</subfield>
      <subfield code="b">Gav</subfield>
    </datafield>
    <datafield tag="852" ind1=" " ind2=" ">
      <subfield code="5">Gbg</subfield>
      <subfield code="b">Gbg</subfield>
    </datafield>
    <datafield tag="852" ind1=" " ind2=" ">
      <subfield code="5">Hamn</subfield>
      <subfield code="b">Hamn</subfield>
    </datafield>
    <datafield tag="852" ind1=" " ind2=" ">
      <subfield code="5">Hena</subfield>
      <subfield code="b">Hena</subfield>
    </datafield>
    <datafield tag="852" ind1=" " ind2=" ">
      <subfield code="5">Hib</subfield>
      <subfield code="b">Hib</subfield>
      <subfield code="h">Ls̃lust</subfield>
      <subfield code="l">Adams</subfield>
    </datafield>
    <datafield tag="852" ind1=" " ind2=" ">
      <subfield code="5">Hsd</subfield>
      <subfield code="b">Hsd</subfield>
      <subfield code="h">Pocket</subfield>
    </datafield>
    <datafield tag="852" ind1=" " ind2=" ">
      <subfield code="5">Jos</subfield>
      <subfield code="b">Jos</subfield>
    </datafield>
    <datafield tag="852" ind1=" " ind2=" ">
      <subfield code="5">Kld1</subfield>
      <subfield code="b">Kld1</subfield>
    </datafield>
    <datafield tag="852" ind1=" " ind2=" ">
      <subfield code="5">Kopb</subfield>
      <subfield code="b">Kopb</subfield>
      <subfield code="h">Hce</subfield>
    </datafield>
    <datafield tag="852" ind1=" " ind2=" ">
      <subfield code="5">Ksb</subfield>
      <subfield code="b">Ksb</subfield>
    </datafield>
    <datafield tag="852" ind1=" " ind2=" ">
      <subfield code="5">Kusb</subfield>
      <subfield code="b">Kusb</subfield>
    </datafield>
    <datafield tag="852" ind1=" " ind2=" ">
      <subfield code="5">L</subfield>
      <subfield code="b">L</subfield>
      <subfield code="h">b18/</subfield>
      <subfield code="j">7351</subfield>
      <subfield code="x">ml̄</subfield>
    </datafield>
    <datafield tag="852" ind1=" " ind2=" ">
      <subfield code="5">Ldsb</subfield>
      <subfield code="b">Ldsb</subfield>
    </datafield>
    <datafield tag="852" ind1=" " ind2=" ">
      <subfield code="5">Lisb</subfield>
      <subfield code="b">Lisb</subfield>
    </datafield>
    <datafield tag="852" ind1=" " ind2=" ">
      <subfield code="5">Ljus</subfield>
      <subfield code="b">Ljus</subfield>
    </datafield>
    <datafield tag="852" ind1=" " ind2=" ">
      <subfield code="5">Lule</subfield>
      <subfield code="b">Lule</subfield>
    </datafield>
    <datafield tag="852" ind1=" " ind2=" ">
      <subfield code="5">Mo</subfield>
      <subfield code="b">Mo</subfield>
    </datafield>
    <datafield tag="852" ind1=" " ind2=" ">
      <subfield code="5">Moln</subfield>
      <subfield code="b">Moln</subfield>
    </datafield>
    <datafield tag="852" ind1=" " ind2=" ">
      <subfield code="5">No</subfield>
      <subfield code="b">No</subfield>
    </datafield>
    <datafield tag="852" ind1=" " ind2=" ">
      <subfield code="5">Nodi</subfield>
      <subfield code="b">Nodi</subfield>
    </datafield>
    <datafield tag="852" ind1=" " ind2=" ">
      <subfield code="5">Ockb</subfield>
      <subfield code="b">Ockb</subfield>
    </datafield>
    <datafield tag="852" ind1=" " ind2=" ">
      <subfield code="5">Okb</subfield>
      <subfield code="b">Okb</subfield>
    </datafield>
    <datafield tag="852" ind1=" " ind2=" ">
      <subfield code="5">Pite</subfield>
      <subfield code="b">Pite</subfield>
    </datafield>
    <datafield tag="852" ind1=" " ind2=" ">
      <subfield code="5">S</subfield>
      <subfield code="b">S</subfield>
      <subfield code="h"> Sv2018</subfield>
      <subfield code="j">8178</subfield>
      <subfield code="x">nb2018mon</subfield>
      <subfield code="x">nbv201848</subfield>
      <subfield code="x">eivwik</subfield>
    </datafield>
    <datafield tag="852" ind1=" " ind2=" ">
      <subfield code="5">Sten</subfield>
      <subfield code="b">Sten</subfield>
    </datafield>
    <datafield tag="852" ind1=" " ind2=" ">
      <subfield code="5">Torb</subfield>
      <subfield code="b">Torb</subfield>
    </datafield>
    <datafield tag="852" ind1=" " ind2=" ">
      <subfield code="5">Trel</subfield>
      <subfield code="b">Trel</subfield>
    </datafield>
    <datafield tag="852" ind1=" " ind2=" ">
      <subfield code="5">Udd</subfield>
      <subfield code="b">Udd</subfield>
      <subfield code="h">Hce</subfield>
    </datafield>
    <datafield tag="852" ind1=" " ind2=" ">
      <subfield code="5">Um</subfield>
      <subfield code="b">Um</subfield>
      <subfield code="h">Roman</subfield>
    </datafield>
    <datafield tag="852" ind1=" " ind2=" ">
      <subfield code="5">Vasb</subfield>
      <subfield code="b">Vasb</subfield>
      <subfield code="h">Hce</subfield>
    </datafield>
    <datafield tag="887" ind1=" " ind2=" ">
      <subfield code="a"
        >{"@id":"p71hj0c13snv993","modified":"2019-02-25T11:17:42.333+01:00","checksum":"317696091315"}</subfield>
      <subfield code="2">librisxl</subfield>
    </datafield>
    <datafield tag="887" ind1=" " ind2=" ">
      <subfield code="5">Aneb</subfield>
      <subfield code="a"
        >{"@id":"t3hpwf1wrtpcxj4j","modified":"2019-01-16T08:03:07.348+01:00","checksum":"33664414638"}</subfield>
      <subfield code="2">librisxl</subfield>
    </datafield>
    <datafield tag="887" ind1=" " ind2=" ">
      <subfield code="5">Anv</subfield>
      <subfield code="a"
        >{"@id":"cm3w0hwv9zb8v2k3","modified":"2019-01-30T13:16:28.728+01:00","checksum":"26339800029"}</subfield>
      <subfield code="2">librisxl</subfield>
    </datafield>
    <datafield tag="887" ind1=" " ind2=" ">
      <subfield code="5">BOKR</subfield>
      <subfield code="a"
        >{"@id":"jnwcr19p4g5bwb2","modified":"2018-09-06T09:01:36.556+02:00","checksum":"41224520623"}</subfield>
      <subfield code="2">librisxl</subfield>
    </datafield>
    <datafield tag="887" ind1=" " ind2=" ">
      <subfield code="5">Bo</subfield>
      <subfield code="a"
        >{"@id":"mwcxf9frkz88sg4p","modified":"2019-01-28T15:16:17.611+01:00","checksum":"29629213901"}</subfield>
      <subfield code="2">librisxl</subfield>
    </datafield>
    <datafield tag="887" ind1=" " ind2=" ">
      <subfield code="5">Gall</subfield>
      <subfield code="a"
        >{"@id":"w5n888kst7swxmb3","modified":"2019-02-06T12:16:41.701+01:00","checksum":"32751473556"}</subfield>
      <subfield code="2">librisxl</subfield>
    </datafield>
    <datafield tag="887" ind1=" " ind2=" ">
      <subfield code="5">Gav</subfield>
      <subfield code="a"
        >{"@id":"8j0s1vrt63rzhldl","modified":"2019-01-30T14:16:45.88+01:00","checksum":"33654374396"}</subfield>
      <subfield code="2">librisxl</subfield>
    </datafield>
    <datafield tag="887" ind1=" " ind2=" ">
      <subfield code="5">Gbg</subfield>
      <subfield code="a"
        >{"@id":"4dsm01dl2sm7g2n4","modified":"2019-01-13T11:16:12.504+01:00","checksum":"24863642056"}</subfield>
      <subfield code="2">librisxl</subfield>
    </datafield>
    <datafield tag="887" ind1=" " ind2=" ">
      <subfield code="5">Hamn</subfield>
      <subfield code="a"
        >{"@id":"3cx43blq1mv4ln89","modified":"2019-02-20T11:16:18.94+01:00","checksum":"26409968118"}</subfield>
      <subfield code="2">librisxl</subfield>
    </datafield>
    <datafield tag="887" ind1=" " ind2=" ">
      <subfield code="5">Hena</subfield>
      <subfield code="a"
        >{"@id":"9k1qzj6c7q99r276","modified":"2019-01-29T17:16:29.229+01:00","checksum":"29256000126"}</subfield>
      <subfield code="2">librisxl</subfield>
    </datafield>
    <datafield tag="887" ind1=" " ind2=" ">
      <subfield code="5">Hib</subfield>
      <subfield code="a"
        >{"@id":"s2cgbd5lqxbrxj28","modified":"2018-12-20T11:12:12.51+01:00","checksum":"40864053113"}</subfield>
      <subfield code="2">librisxl</subfield>
    </datafield>
    <datafield tag="887" ind1=" " ind2=" ">
      <subfield code="5">Hsd</subfield>
      <subfield code="a"
        >{"@id":"3cjhwvvr1xsx3lsw","modified":"2018-11-16T10:21:26.536+01:00","checksum":"27342563083"}</subfield>
      <subfield code="2">librisxl</subfield>
    </datafield>
    <datafield tag="887" ind1=" " ind2=" ">
      <subfield code="5">Jos</subfield>
      <subfield code="a"
        >{"@id":"w5q55x3mtlrdj0p6","modified":"2019-02-22T12:16:28.953+01:00","checksum":"25024362550"}</subfield>
      <subfield code="2">librisxl</subfield>
    </datafield>
    <datafield tag="887" ind1=" " ind2=" ">
      <subfield code="5">Kld1</subfield>
      <subfield code="a"
        >{"@id":"s2j3ljtdqn83lqsw","modified":"2019-01-28T15:16:51.327+01:00","checksum":"28073521606"}</subfield>
      <subfield code="2">librisxl</subfield>
    </datafield>
    <datafield tag="887" ind1=" " ind2=" ">
      <subfield code="5">Kopb</subfield>
      <subfield code="a"
        >{"@id":"pzh1s8j1mzv6vpfg","modified":"2019-02-14T14:16:27.683+01:00","checksum":"26231148598"}</subfield>
      <subfield code="2">librisxl</subfield>
    </datafield>
    <datafield tag="887" ind1=" " ind2=" ">
      <subfield code="5">Ksb</subfield>
      <subfield code="a"
        >{"@id":"08sz0817xbwvqhlx","modified":"2019-02-11T11:16:33.005+01:00","checksum":"27231545674"}</subfield>
      <subfield code="2">librisxl</subfield>
    </datafield>
    <datafield tag="887" ind1=" " ind2=" ">
      <subfield code="5">Kusb</subfield>
      <subfield code="a"
        >{"@id":"hr1mdhh3flzzk2w7","modified":"2018-12-07T15:02:26.419+01:00","checksum":"28893641599"}</subfield>
      <subfield code="2">librisxl</subfield>
    </datafield>
    <datafield tag="887" ind1=" " ind2=" ">
      <subfield code="5">L</subfield>
      <subfield code="a"
        >{"@id":"19j0jml3zjrxgn6l","modified":"2018-11-27T16:13:47.26+01:00","checksum":"36603381171"}</subfield>
      <subfield code="2">librisxl</subfield>
    </datafield>
    <datafield tag="887" ind1=" " ind2=" ">
      <subfield code="5">Ldsb</subfield>
      <subfield code="a"
        >{"@id":"6gxvc0vt44tppsjr","modified":"2019-01-31T13:16:32.451+01:00","checksum":"30045320631"}</subfield>
      <subfield code="2">librisxl</subfield>
    </datafield>
    <datafield tag="887" ind1=" " ind2=" ">
      <subfield code="5">Lisb</subfield>
      <subfield code="a"
        >{"@id":"t3jz3tp8r1bbnxb4","modified":"2019-01-18T15:16:19.708+01:00","checksum":"25655276116"}</subfield>
      <subfield code="2">librisxl</subfield>
    </datafield>
    <datafield tag="887" ind1=" " ind2=" ">
      <subfield code="5">Ljus</subfield>
      <subfield code="a"
        >{"@id":"4dwhc27d215qf54p","modified":"2019-02-06T11:16:34.814+01:00","checksum":"29028487940"}</subfield>
      <subfield code="2">librisxl</subfield>
    </datafield>
    <datafield tag="887" ind1=" " ind2=" ">
      <subfield code="5">Lule</subfield>
      <subfield code="a"
        >{"@id":"z7p9x3mzw83jgkmf","modified":"2019-01-28T16:16:31.894+01:00","checksum":"29694407440"}</subfield>
      <subfield code="2">librisxl</subfield>
    </datafield>
    <datafield tag="887" ind1=" " ind2=" ">
      <subfield code="5">Mo</subfield>
      <subfield code="a"
        >{"@id":"19sf4lv8zvqjdmc2","modified":"2019-02-06T17:16:27.607+01:00","checksum":"28374607730"}</subfield>
      <subfield code="2">librisxl</subfield>
    </datafield>
    <datafield tag="887" ind1=" " ind2=" ">
      <subfield code="5">Moln</subfield>
      <subfield code="a"
        >{"@id":"q0h3jhttnv4hcbjv","modified":"2019-02-06T15:17:19.682+01:00","checksum":"30079533844"}</subfield>
      <subfield code="2">librisxl</subfield>
    </datafield>
    <datafield tag="887" ind1=" " ind2=" ">
      <subfield code="5">No</subfield>
      <subfield code="a"
        >{"@id":"lvddz3z0j6fjhp8l","modified":"2019-02-18T14:33:21.171+01:00","checksum":"32468178408"}</subfield>
      <subfield code="2">librisxl</subfield>
    </datafield>
    <datafield tag="887" ind1=" " ind2=" ">
      <subfield code="5">Nodi</subfield>
      <subfield code="a"
        >{"@id":"lv8hwq0jj2kltl3b","modified":"2019-01-16T16:16:24.627+01:00","checksum":"28022474480"}</subfield>
      <subfield code="2">librisxl</subfield>
    </datafield>
    <datafield tag="887" ind1=" " ind2=" ">
      <subfield code="5">Ockb</subfield>
      <subfield code="a"
        >{"@id":"w5pzgvjqtjzsfn52","modified":"2019-02-12T11:17:16.744+01:00","checksum":"31024158185"}</subfield>
      <subfield code="2">librisxl</subfield>
    </datafield>
    <datafield tag="887" ind1=" " ind2=" ">
      <subfield code="5">Okb</subfield>
      <subfield code="a"
        >{"@id":"q0htjdmln79czs09","modified":"2019-02-04T09:16:20.966+01:00","checksum":"32629336390"}</subfield>
      <subfield code="2">librisxl</subfield>
    </datafield>
    <datafield tag="887" ind1=" " ind2=" ">
      <subfield code="5">Pite</subfield>
      <subfield code="a"
        >{"@id":"19smc8j7z9rk3wbm","modified":"2019-02-08T11:16:18.585+01:00","checksum":"33300133162"}</subfield>
      <subfield code="2">librisxl</subfield>
    </datafield>
    <datafield tag="887" ind1=" " ind2=" ">
      <subfield code="5">S</subfield>
      <subfield code="a"
        >{"@id":"v4ct2vlxs7n16f47","modified":"2018-11-27T14:04:15.762+01:00","checksum":"37959047485"}</subfield>
      <subfield code="2">librisxl</subfield>
    </datafield>
    <datafield tag="887" ind1=" " ind2=" ">
      <subfield code="5">Sten</subfield>
      <subfield code="a"
        >{"@id":"mwclrdrdkb7kx6n8","modified":"2019-01-25T15:17:21.172+01:00","checksum":"32656985484"}</subfield>
      <subfield code="2">librisxl</subfield>
    </datafield>
    <datafield tag="887" ind1=" " ind2=" ">
      <subfield code="5">Torb</subfield>
      <subfield code="a"
        >{"@id":"z7pwnbk2w754rsns","modified":"2019-01-25T12:16:39.182+01:00","checksum":"29715327301"}</subfield>
      <subfield code="2">librisxl</subfield>
    </datafield>
    <datafield tag="887" ind1=" " ind2=" ">
      <subfield code="5">Trel</subfield>
      <subfield code="a"
        >{"@id":"bl3g9gkm89f7n073","modified":"2019-02-04T10:16:20.447+01:00","checksum":"32686089219"}</subfield>
      <subfield code="2">librisxl</subfield>
    </datafield>
    <datafield tag="887" ind1=" " ind2=" ">
      <subfield code="5">Udd</subfield>
      <subfield code="a"
        >{"@id":"r1k2f0f5pb0tl9ld","modified":"2019-02-14T11:16:23.274+01:00","checksum":"25785955055"}</subfield>
      <subfield code="2">librisxl</subfield>
    </datafield>
    <datafield tag="887" ind1=" " ind2=" ">
      <subfield code="5">Um</subfield>
      <subfield code="a"
        >{"@id":"nxdlhg06lk157vxt","modified":"2019-01-25T13:16:23.367+01:00","checksum":"30027407462"}</subfield>
      <subfield code="2">librisxl</subfield>
    </datafield>
    <datafield tag="887" ind1=" " ind2=" ">
      <subfield code="5">Vasb</subfield>
      <subfield code="a"
        >{"@id":"jsbfb7h8gb8h915k","modified":"2019-02-19T13:46:22.642+01:00","checksum":"39712985317"}</subfield>
      <subfield code="2">librisxl</subfield>
    </datafield>
    <datafield tag="950" ind1=" " ind2="s">
      <subfield code="6">650</subfield>
      <subfield code="a">Kaniner som sl̃lskapsdjur</subfield>
      <subfield code="u">Kaniner</subfield>
    </datafield>
    <datafield tag="950" ind1=" " ind2="s">
      <subfield code="6">650</subfield>
      <subfield code="a">Tamkanin</subfield>
      <subfield code="u">Kaniner</subfield>
    </datafield>
    <datafield tag="950" ind1=" " ind2="s">
      <subfield code="6">650</subfield>
      <subfield code="a">Tamkaniner</subfield>
      <subfield code="u">Kaniner</subfield>
    </datafield>
    <datafield tag="950" ind1=" " ind2="k">
      <subfield code="6">650</subfield>
      <subfield code="w">g</subfield>
      <subfield code="a">Hardjur</subfield>
      <subfield code="u">Kaniner</subfield>
    </datafield>
    <datafield tag="950" ind1=" " ind2="k">
      <subfield code="6">650</subfield>
      <subfield code="w">g</subfield>
      <subfield code="a">Sl̃lskapsdjur</subfield>
      <subfield code="u">Kaniner</subfield>
    </datafield>
    <datafield tag="950" ind1=" " ind2="k">
      <subfield code="6">650</subfield>
      <subfield code="w">h</subfield>
      <subfield code="a">Vildkanin</subfield>
      <subfield code="u">Kaniner</subfield>
    </datafield>
    <datafield tag="950" ind1=" " ind2="k">
      <subfield code="6">650</subfield>
      <subfield code="a">Kaninuppfd̲ning</subfield>
      <subfield code="u">Kaniner</subfield>
    </datafield>
    <datafield tag="950" ind1=" " ind2="k">
      <subfield code="6">650</subfield>
      <subfield code="w">g</subfield>
      <subfield code="a">Bondekultur</subfield>
      <subfield code="u">Lantliv</subfield>
    </datafield>
    <datafield tag="950" ind1=" " ind2="k">
      <subfield code="6">650</subfield>
      <subfield code="w">g</subfield>
      <subfield code="a">Samhl̃lsliv</subfield>
      <subfield code="u">Lantliv</subfield>
    </datafield>
    <datafield tag="950" ind1=" " ind2="k">
      <subfield code="6">650</subfield>
      <subfield code="a">Landsbygdssociologi</subfield>
      <subfield code="u">Lantliv</subfield>
    </datafield>
    <datafield tag="950" ind1=" " ind2="k">
      <subfield code="6">650</subfield>
      <subfield code="a">Herrgr̄dsliv</subfield>
      <subfield code="u">Lantliv</subfield>
    </datafield>
    <datafield tag="950" ind1=" " ind2="k">
      <subfield code="6">650</subfield>
      <subfield code="w">g</subfield>
      <subfield code="a">Sociala konflikter</subfield>
      <subfield code="u">Social kontroll</subfield>
    </datafield>
    <datafield tag="950" ind1=" " ind2="k">
      <subfield code="6">650</subfield>
      <subfield code="w">h</subfield>
      <subfield code="a">Normer</subfield>
      <subfield code="u">Social kontroll</subfield>
    </datafield>
    <datafield tag="950" ind1=" " ind2="k">
      <subfield code="6">650</subfield>
      <subfield code="w">h</subfield>
      <subfield code="a">Paternalism</subfield>
      <subfield code="u">Social kontroll</subfield>
    </datafield>
    <datafield tag="950" ind1=" " ind2="k">
      <subfield code="6">650</subfield>
      <subfield code="w">h</subfield>
      <subfield code="a">Utegn̄gsfr̲bud fr̲ ungdomar</subfield>
      <subfield code="u">Social kontroll</subfield>
    </datafield>
    <datafield tag="950" ind1=" " ind2="k">
      <subfield code="6">650</subfield>
      <subfield code="a">Symboliskt vl̄d</subfield>
      <subfield code="u">Social kontroll</subfield>
    </datafield>
    <datafield tag="950" ind1=" " ind2="k">
      <subfield code="6">650</subfield>
      <subfield code="w">h</subfield>
      <subfield code="a">&amp;#xd6;verlevnad i naturen</subfield>
      <subfield code="u">&amp;#xd6;verlevnad</subfield>
    </datafield>
    <datafield tag="950" ind1=" " ind2="k">
      <subfield code="6">650</subfield>
      <subfield code="w">h</subfield>
      <subfield code="a">&amp;#xd6;verlevnadsutrustning</subfield>
      <subfield code="u">&amp;#xd6;verlevnad</subfield>
    </datafield>
    <datafield tag="950" ind1=" " ind2="k">
      <subfield code="6">650</subfield>
      <subfield code="a">Survivalism</subfield>
      <subfield code="u">&amp;#xd6;verlevnad</subfield>
    </datafield>
    <datafield tag="950" ind1=" " ind2="k">
      <subfield code="6">650</subfield>
      <subfield code="a">&amp;#xd6;verlevnadsteknik</subfield>
      <subfield code="u">&amp;#xd6;verlevnad</subfield>
    </datafield>
    <datafield tag="955" ind1=" " ind2="k">
      <subfield code="6">655</subfield>
      <subfield code="w">g</subfield>
      <subfield code="a">Skn̲litteratur</subfield>
      <subfield code="u">Romaner</subfield>
    </datafield>
    <datafield tag="955" ind1=" " ind2="k">
      <subfield code="6">655</subfield>
      <subfield code="w">h</subfield>
      <subfield code="a">Brevromaner</subfield>
      <subfield code="u">Romaner</subfield>
    </datafield>
    <datafield tag="955" ind1=" " ind2="k">
      <subfield code="6">655</subfield>
      <subfield code="w">h</subfield>
      <subfield code="a">Dagboksromaner</subfield>
      <subfield code="u">Romaner</subfield>
    </datafield>
    <datafield tag="955" ind1=" " ind2="k">
      <subfield code="6">655</subfield>
      <subfield code="w">h</subfield>
      <subfield code="a">Kollektivromaner</subfield>
      <subfield code="u">Romaner</subfield>
    </datafield>
    <datafield tag="955" ind1=" " ind2="k">
      <subfield code="6">655</subfield>
      <subfield code="w">h</subfield>
      <subfield code="a">Nyckelromaner</subfield>
      <subfield code="u">Romaner</subfield>
    </datafield>
    <datafield tag="955" ind1=" " ind2="k">
      <subfield code="6">655</subfield>
      <subfield code="w">h</subfield>
      <subfield code="a">Pikareskromaner</subfield>
      <subfield code="u">Romaner</subfield>
    </datafield>
    <datafield tag="955" ind1=" " ind2="k">
      <subfield code="6">655</subfield>
      <subfield code="w">h</subfield>
      <subfield code="a">Serieromaner</subfield>
      <subfield code="u">Romaner</subfield>
    </datafield>
    <datafield tag="955" ind1=" " ind2="k">
      <subfield code="6">655</subfield>
      <subfield code="w">h</subfield>
      <subfield code="a">Utvecklingsromaner</subfield>
      <subfield code="u">Romaner</subfield>
    </datafield>
    <datafield tag="955" ind1=" " ind2="k">
      <subfield code="6">655</subfield>
      <subfield code="w">g</subfield>
      <subfield code="a">Skn̲litteratur</subfield>
      <subfield code="u">Djurskildringar</subfield>
    </datafield>
    <datafield tag="976" ind1="0" ind2=" ">
      <subfield code="a">Hcee.01</subfield>
      <subfield code="b">Utlñdsk skn̲litteratur i svensk v̲erst̃tning: engelska: romaner och
        noveller</subfield>
    </datafield>
  </record>