
  <record><!--Svenske Samkatalogen: Watership Down: Adams, Richard: engelsk, eng: lydbok, lydopptak-->
    <leader>01461cim a22004337a 4500</leader>
    <controlfield tag="001">20110289</controlfield>
    <controlfield tag="003">LIBRIS</controlfield>
    <controlfield tag="005">20171113114658.0</controlfield>
    <controlfield tag="007">sd |||||||m|||</controlfield>
    <controlfield tag="008">170228s2010    xxu            f    eng c</controlfield>
    <datafield tag="020" ind1=" " ind2=" ">
      <subfield code="a">978-1-4417-3749-6</subfield>
      <subfield code="q">CD-skiva</subfield>
    </datafield>
    <datafield tag="035" ind1=" " ind2=" ">
      <subfield code="a">(Adlibris)9781441737496</subfield>
    </datafield>
    <datafield tag="040" ind1=" " ind2=" ">
      <subfield code="a">Lin1</subfield>
    </datafield>
    <datafield tag="041" ind1="1" ind2=" ">
      <subfield code="a">eng</subfield>
    </datafield>
    <datafield tag="082" ind1="0" ind2="4">
      <subfield code="a">823</subfield>
      <subfield code="2">22 (machine generated)</subfield>
    </datafield>
    <datafield tag="084" ind1=" " ind2=" ">
      <subfield code="a">He.01/LC</subfield>
      <subfield code="2">kssb/8</subfield>
    </datafield>
    <datafield tag="100" ind1="1" ind2=" ">
      <subfield code="a">Adams, Richard</subfield>
      <subfield code="d">1920-2016</subfield>
      <subfield code="e">author</subfield>
      <subfield code="4">aut</subfield>
      <subfield code="1">http://viaf.org/viaf/71386171</subfield>
    </datafield>
    <datafield tag="240" ind1="1" ind2="0">
      <subfield code="a">Watership Down</subfield>
      <subfield code="l">Engelska</subfield>
      <subfield code="1"> http://viaf.org/viaf/181406204</subfield>
    </datafield>
    <datafield tag="245" ind1="1" ind2="0">
      <subfield code="a">Watership Down</subfield>
      <subfield code="h">[Ljudupptagning] /</subfield>
      <subfield code="c">Richard Adams</subfield>
    </datafield>
    <datafield tag="260" ind1=" " ind2=" ">
      <subfield code="a">Ashland, Or. :</subfield>
      <subfield code="b">Blackstone Audiobooks,</subfield>
      <subfield code="c">2010</subfield>
    </datafield>
    <datafield tag="300" ind1=" " ind2=" ">
      <subfield code="a">13 CD (16 tim.)</subfield>
    </datafield>
    <datafield tag="336" ind1=" " ind2=" ">
      <subfield code="a">spoken word</subfield>
      <subfield code="1">http://www.rdaregistry.info/termList/RDAContentType/#1013</subfield>
      <subfield code="2">rdacontent</subfield>
    </datafield>
    <datafield tag="337" ind1=" " ind2=" ">
      <subfield code="a">audio</subfield>
      <subfield code="1">http://rdaregistry.info/termList/RDAMediaType/1001</subfield>
      <subfield code="2">rdamedia</subfield>
    </datafield>
    <datafield tag="338" ind1=" " ind2=" ">
      <subfield code="a">computer disc</subfield>
      <subfield code="1">http://rdaregistry.info/termList/RDACarrierType/1013</subfield>
      <subfield code="2">rdacarrier</subfield>
    </datafield>
    <datafield tag="380" ind1=" " ind2=" ">
      <subfield code="a">sound</subfield>
      <subfield code="1">http://id.loc.gov/vocabulary/marcgt/sou</subfield>
      <subfield code="2">marcgt</subfield>
    </datafield>
    <datafield tag="511" ind1="0" ind2=" ">
      <subfield code="a">Read by: Ralph Cosham</subfield>
    </datafield>
    <datafield tag="655" ind1=" " ind2="7">
      <subfield code="a">Romaner</subfield>
      <subfield code="2">saogf</subfield>
      <subfield code="0">389072</subfield>
    </datafield>
    <datafield tag="655" ind1=" " ind2="7">
      <subfield code="a">Ljudbc̲ker</subfield>
      <subfield code="2">saogf</subfield>
      <subfield code="0">347758</subfield>
    </datafield>
    <datafield tag="700" ind1="1" ind2=" ">
      <subfield code="a">Cosham, Ralph.</subfield>
      <subfield code="4">nrt</subfield>
    </datafield>
    <datafield tag="841" ind1=" " ind2=" ">
      <subfield code="5">Lin1</subfield>
      <subfield code="a">x aa</subfield>
      <subfield code="b">170228||0000|||||000||||||000000</subfield>
      <subfield code="e">n</subfield>
    </datafield>
    <datafield tag="852" ind1=" " ind2=" ">
      <subfield code="5">Lin1</subfield>
      <subfield code="b">Lin1</subfield>
    </datafield>
    <datafield tag="955" ind1=" " ind2="k">
      <subfield code="6">655</subfield>
      <subfield code="w">g</subfield>
      <subfield code="a">Skn̲litteratur</subfield>
      <subfield code="u">Romaner</subfield>
    </datafield>
    <datafield tag="955" ind1=" " ind2="k">
      <subfield code="6">655</subfield>
      <subfield code="w">h</subfield>
      <subfield code="a">Brevromaner</subfield>
      <subfield code="u">Romaner</subfield>
    </datafield>
    <datafield tag="955" ind1=" " ind2="k">
      <subfield code="6">655</subfield>
      <subfield code="w">h</subfield>
      <subfield code="a">Dagboksromaner</subfield>
      <subfield code="u">Romaner</subfield>
    </datafield>
    <datafield tag="955" ind1=" " ind2="k">
      <subfield code="6">655</subfield>
      <subfield code="w">h</subfield>
      <subfield code="a">Kollektivromaner</subfield>
      <subfield code="u">Romaner</subfield>
    </datafield>
    <datafield tag="955" ind1=" " ind2="k">
      <subfield code="6">655</subfield>
      <subfield code="w">h</subfield>
      <subfield code="a">Nyckelromaner</subfield>
      <subfield code="u">Romaner</subfield>
    </datafield>
    <datafield tag="955" ind1=" " ind2="k">
      <subfield code="6">655</subfield>
      <subfield code="w">h</subfield>
      <subfield code="a">Pikareskromaner</subfield>
      <subfield code="u">Romaner</subfield>
    </datafield>
    <datafield tag="955" ind1=" " ind2="k">
      <subfield code="6">655</subfield>
      <subfield code="w">h</subfield>
      <subfield code="a">Serieromaner</subfield>
      <subfield code="u">Romaner</subfield>
    </datafield>
    <datafield tag="955" ind1=" " ind2="k">
      <subfield code="6">655</subfield>
      <subfield code="w">h</subfield>
      <subfield code="a">Utvecklingsromaner</subfield>
      <subfield code="u">Romaner</subfield>
    </datafield>
    <datafield tag="955" ind1=" " ind2="s">
      <subfield code="6">655</subfield>
      <subfield code="a">CD-bc̲ker</subfield>
      <subfield code="u">Ljudbc̲ker</subfield>
    </datafield>
    <datafield tag="955" ind1=" " ind2="s">
      <subfield code="6">655</subfield>
      <subfield code="a">E-ljudbc̲ker</subfield>
      <subfield code="u">Ljudbc̲ker</subfield>
    </datafield>
    <datafield tag="955" ind1=" " ind2="s">
      <subfield code="6">655</subfield>
      <subfield code="a">Hr̲bc̲ker</subfield>
      <subfield code="u">Ljudbc̲ker</subfield>
    </datafield>
    <datafield tag="955" ind1=" " ind2="s">
      <subfield code="6">655</subfield>
      <subfield code="a">Kassettbc̲ker</subfield>
      <subfield code="u">Ljudbc̲ker</subfield>
    </datafield>
    <datafield tag="955" ind1=" " ind2="s">
      <subfield code="6">655</subfield>
      <subfield code="a">MP3-bc̲ker</subfield>
      <subfield code="u">Ljudbc̲ker</subfield>
    </datafield>
    <datafield tag="955" ind1=" " ind2="k">
      <subfield code="6">655</subfield>
      <subfield code="a">Talbc̲ker</subfield>
      <subfield code="u">Ljudbc̲ker</subfield>
    </datafield>
  </record>