
  <record><!--Svenske Samkatalogen: Watership Down: Adams, Richard: engelsk, eng-->
    <leader>04429cam a22010577a 4500</leader>
    <controlfield tag="001">17603302</controlfield>
    <controlfield tag="003">LIBRIS</controlfield>
    <controlfield tag="005">20160129100648.0</controlfield>
    <controlfield tag="008">150224s20141972xxka||||||||||00| 1|eng c</controlfield>
    <datafield tag="020" ind1=" " ind2=" ">
      <subfield code="a">978-1-78074-662-3</subfield>
    </datafield>
    <datafield tag="035" ind1=" " ind2=" ">
      <subfield code="a">(Adlibris)9781780746623</subfield>
    </datafield>
    <datafield tag="040" ind1=" " ind2=" ">
      <subfield code="a">Lin1</subfield>
    </datafield>
    <datafield tag="041" ind1="1" ind2=" ">
      <subfield code="a">eng</subfield>
    </datafield>
    <datafield tag="082" ind1="0" ind2="4">
      <subfield code="a">823</subfield>
      <subfield code="2">22 (machine generated)</subfield>
    </datafield>
    <datafield tag="084" ind1=" " ind2=" ">
      <subfield code="a">He.01</subfield>
      <subfield code="2">kssb/8</subfield>
    </datafield>
    <datafield tag="100" ind1="1" ind2=" ">
      <subfield code="a">Adams, Richard</subfield>
      <subfield code="d">1920-2016</subfield>
      <subfield code="e">author</subfield>
      <subfield code="4">aut</subfield>
      <subfield code="1">http://viaf.org/viaf/71386171</subfield>
    </datafield>
    <datafield tag="245" ind1="1" ind2="0">
      <subfield code="a">Watership down /</subfield>
      <subfield code="c">Richard Adams ; with illustrations by Aldo Galli</subfield>
    </datafield>
    <datafield tag="250" ind1=" " ind2=" ">
      <subfield code="a">[New ed.]</subfield>
    </datafield>
    <datafield tag="260" ind1=" " ind2=" ">
      <subfield code="a">London</subfield>
      <subfield code="b">Onewolrd Publications,</subfield>
      <subfield code="c">2014</subfield>
    </datafield>
    <datafield tag="300" ind1=" " ind2=" ">
      <subfield code="a">496 s. .</subfield>
      <subfield code="b">ill. ;</subfield>
      <subfield code="c">25 cm</subfield>
    </datafield>
    <datafield tag="336" ind1=" " ind2=" ">
      <subfield code="a">text</subfield>
      <subfield code="1">http://www.rdaregistry.info/termList/RDAContentType/#1020</subfield>
      <subfield code="2">rdacontent</subfield>
    </datafield>
    <datafield tag="337" ind1=" " ind2=" ">
      <subfield code="a">unmediated</subfield>
      <subfield code="1">http://rdaregistry.info/termList/RDAMediaType/1007</subfield>
      <subfield code="2">rdamedia</subfield>
    </datafield>
    <datafield tag="338" ind1=" " ind2=" ">
      <subfield code="a">volume</subfield>
      <subfield code="1"> http://www.rdaregistry.info/termList/RDACarrierType/#1049</subfield>
      <subfield code="2">rdacarrier</subfield>
    </datafield>
    <datafield tag="380" ind1=" " ind2=" ">
      <subfield code="a">book</subfield>
      <subfield code="1">http://id.loc.gov/vocabulary/marcgt/boo</subfield>
      <subfield code="2">marcgt</subfield>
    </datafield>
    <datafield tag="500" ind1=" " ind2=" ">
      <subfield code="a">Originalupplaga 1972</subfield>
    </datafield>
    <datafield tag="650" ind1=" " ind2="7">
      <subfield code="a">Skn̲litteratur</subfield>
      <subfield code="2">saogf</subfield>
      <subfield code="0">144952</subfield>
    </datafield>
    <datafield tag="700" ind1="1" ind2=" ">
      <subfield code="a">Galli, Aldo</subfield>
      <subfield code="e">ill</subfield>
    </datafield>
    <datafield tag="841" ind1=" " ind2=" ">
      <subfield code="5">Hib</subfield>
      <subfield code="a">x a</subfield>
      <subfield code="b">1612094u 8 4001uuswe0901128</subfield>
      <subfield code="e">1</subfield>
    </datafield>
    <datafield tag="841" ind1=" " ind2=" ">
      <subfield code="5">Lin1</subfield>
      <subfield code="a">x aa</subfield>
      <subfield code="b">150224||0000|||||000||||||000000</subfield>
      <subfield code="e">n</subfield>
    </datafield>
    <datafield tag="841" ind1=" " ind2=" ">
      <subfield code="5">Mo</subfield>
      <subfield code="a">x aa</subfield>
      <subfield code="b">171018||0000|||||000||||||000000</subfield>
      <subfield code="e">n</subfield>
    </datafield>
    <datafield tag="841" ind1=" " ind2=" ">
      <subfield code="5">No</subfield>
      <subfield code="a">x aa</subfield>
      <subfield code="b">160129||0000|||||000||||||000000</subfield>
      <subfield code="e">n</subfield>
    </datafield>
    <datafield tag="852" ind1="8" ind2=" ">
      <subfield code="5">Hib</subfield>
      <subfield code="b">Hib</subfield>
      <subfield code="h">He</subfield>
      <subfield code="i">Adams</subfield>
    </datafield>
    <datafield tag="852" ind1=" " ind2=" ">
      <subfield code="5">Lin1</subfield>
      <subfield code="b">Lin1</subfield>
    </datafield>
    <datafield tag="852" ind1=" " ind2=" ">
      <subfield code="5">Mo</subfield>
      <subfield code="b">Mo</subfield>
    </datafield>
    <datafield tag="852" ind1=" " ind2=" ">
      <subfield code="5">No</subfield>
      <subfield code="b">No</subfield>
    </datafield>
  </record>