
  <record><!--U.S. Library of Congress: Harry Potter and the Deathly Hallows, part 1: Rowling, J. K..: multiple, mul: DVD-->
    <leader>04906cgm a22007697a 4500</leader>
    <controlfield tag="001">20593929</controlfield>
    <controlfield tag="005">20180723112952.0</controlfield>
    <controlfield tag="007">mr cdaafqnarp|||c------</controlfield>
    <controlfield tag="007">co |ga||||||||</controlfield>
    <controlfield tag="008">180723s2010    xxu146            mleng  </controlfield>
    <datafield tag="010" ind1=" " ind2=" ">
      <subfield code="a"> 2018601412</subfield>
    </datafield>
    <datafield tag="017" ind1=" " ind2=" ">
      <subfield code="a">PA0001721904</subfield>
      <subfield code="b">U.S. Copyright Office</subfield>
    </datafield>
    <datafield tag="040" ind1=" " ind2=" ">
      <subfield code="a">DLC</subfield>
      <subfield code="c">DLC</subfield>
      <subfield code="e">amim</subfield>
    </datafield>
    <datafield tag="041" ind1="1" ind2=" ">
      <subfield code="a">mul</subfield>
    </datafield>
    <datafield tag="044" ind1=" " ind2=" ">
      <subfield code="a">xxu</subfield>
      <subfield code="a">xxk</subfield>
    </datafield>
    <datafield tag="050" ind1="0" ind2="0">
      <subfield code="a">CGE 6700-6707 (viewing print)</subfield>
    </datafield>
    <datafield tag="050" ind1="0" ind2="0">
      <subfield code="a">CGE 9059-9066 (viewing print, copy 2)</subfield>
    </datafield>
    <datafield tag="050" ind1="0" ind2="0">
      <subfield code="a">CGF 1033-1040 (viewing print, copy 3)</subfield>
    </datafield>
    <datafield tag="050" ind1="0" ind2="0">
      <subfield code="a">DVC 6390 (track)</subfield>
    </datafield>
    <datafield tag="130" ind1=" " ind2=" ">
      <subfield code="a">Harry Potter and the Deathly Hallows, part 1 (motion picture)</subfield>
      <subfield code="1">http://viaf.org/viaf/176505995</subfield>
    </datafield>
    <datafield tag="245" ind1="1" ind2="0">
      <subfield code="a">Harry Potter and the Deathly Hallows, part 1 /</subfield>
      <subfield code="c">a Heyday Films production ; directed by David Yates ; produced by David
        Heyman, David Barron, J.K. Rowling ; screenplay by Steve Kloves.</subfield>
    </datafield>
    <datafield tag="246" ind1="3" ind2=" ">
      <subfield code="a">Harry Potter and the Deathly Hallows, part one</subfield>
    </datafield>
    <datafield tag="246" ind1="1" ind2=" ">
      <subfield code="i">Alternative title on copyright application:</subfield>
      <subfield code="a">Harry Potter 7A</subfield>
    </datafield>
    <datafield tag="246" ind1="1" ind2=" ">
      <subfield code="i">Alternative title on copyright application:</subfield>
      <subfield code="a">Road movie</subfield>
    </datafield>
    <datafield tag="246" ind1="1" ind2=" ">
      <subfield code="i">Alternative title on copyright application:</subfield>
      <subfield code="a">Extra time</subfield>
    </datafield>
    <datafield tag="257" ind1=" " ind2=" ">
      <subfield code="a">United States ; Great Britain.</subfield>
    </datafield>
    <datafield tag="260" ind1=" " ind2=" ">
      <subfield code="a">United States :</subfield>
      <subfield code="b">Warner Bros.,</subfield>
      <subfield code="c">2010.</subfield>
    </datafield>
    <datafield tag="300" ind1=" " ind2=" ">
      <subfield code="3">viewing print</subfield>
      <subfield code="a">16 film reels of 16 on 8 (146 min., 13,140 ft.) :</subfield>
      <subfield code="b">anamorphic, sd. (opt, Dolby SR, digital, Dolby SR-D, SDDS, DTS), col.
        ;</subfield>
      <subfield code="c">35 mm.</subfield>
    </datafield>
    <datafield tag="300" ind1=" " ind2=" ">
      <subfield code="3">viewing print (copy 2)</subfield>
      <subfield code="a">16 film reels of 16 on 8 (146 min., 13,140 ft.) :</subfield>
      <subfield code="b">anamorphic, sd. (opt, Dolby SR, digital, Dolby SR-D, SDDS, DTS), col.
        ;</subfield>
      <subfield code="c">35 mm.</subfield>
    </datafield>
    <datafield tag="300" ind1=" " ind2=" ">
      <subfield code="3">viewing print (copy 3)</subfield>
      <subfield code="a">16 film reels of 16 on 8 (146 min., 13,140 ft.) :</subfield>
      <subfield code="b">anamorphic, sd. (opt, Dolby SR, digital, Dolby SR-D, SDDS, DTS), col.
        ;</subfield>
      <subfield code="c">35 mm.</subfield>
    </datafield>
    <datafield tag="300" ind1=" " ind2=" ">
      <subfield code="3">track</subfield>
      <subfield code="a">1 CD-ROM (146 min.) :</subfield>
      <subfield code="b">sd. (digital, DTS) ;</subfield>
      <subfield code="c">4 3/4 in.</subfield>
    </datafield>
    <datafield tag="336" ind1=" " ind2=" ">
      <subfield code="a">two-dimensional moving image</subfield>
      <subfield code="0">http://rdaregistry.info/termList/RDAContentType/1023</subfield>
      <subfield code="2">rdacontent</subfield>
    </datafield>
    <datafield tag="337" ind1=" " ind2=" ">
      <subfield code="a">video</subfield>
      <subfield code="0">http://www.rdaregistry.info/termList/RDAMediaType/#1008 </subfield>
      <subfield code="2">rdamedia</subfield>
    </datafield>
    <datafield tag="338" ind1=" " ind2=" ">
      <subfield code="a">digital disc</subfield>
      <subfield code="0"> http://rdaregistry.info/termList/RDACarrierType/1013</subfield>
      <subfield code="2">rdacarrier</subfield>
    </datafield>
    <datafield tag="380" ind1=" " ind2=" ">
      <subfield code="a">motion picture</subfield>
      <subfield code="1">http://id.loc.gov/vocabulary/marcgt/mot</subfield>
      <subfield code="2">marcgt</subfield>
    </datafield>
    <datafield tag="538" ind1=" " ind2=" ">
      <subfield code="a">System requirements for CD-ROMs: DTS digital playback system.</subfield>
    </datafield>
    <datafield tag="500" ind1=" " ind2=" ">
      <subfield code="a">Based on the novel by J.K. Rowling.</subfield>
    </datafield>
    <datafield tag="511" ind1="1" ind2=" ">
      <subfield code="a">Daniel Radcliffe, Rupert Grint, Emma Watson, Helena Bonham Carter, Maggie
        Smith, Robbie Coltrane, Warwick Davis, Ralph Fiennes, Michael Gambon, Brendan Gleeson,
        Richard Griffiths, John Hurt, Jason Isaacs, Alan Rickman, Fiona Shaw, Timothy Spall, Imelda
        Staunton, David Thewlis, Julie Walters.</subfield>
    </datafield>
    <datafield tag="508" ind1=" " ind2=" ">
      <subfield code="a">Executive producer, Lionel Wigram ; camera, Eduardo Serra ; editor, Mark
        Day ; music, Alexandre Desplat ; production designer, Stuart Craig ; art directors, Al
        Bullock, Mark Bartholomew, Gary Tomkins, Hattie Storey, Nicholas Henderson, Martin Foley,
        Molly Hughes, Christian Huband ; set decorators, Stephenie McMillan, Rosie Goodwin ; costume
        designer, Jany Temime ; sound, Stuart Wilson.</subfield>
    </datafield>
    <datafield tag="500" ind1=" " ind2=" ">
      <subfield code="a">CD-ROMs may contain additional tracks for short films, trailers, and other
        promotional content.</subfield>
    </datafield>
    <datafield tag="500" ind1=" " ind2=" ">
      <subfield code="a">Aspect ratio is 2.35:1.</subfield>
    </datafield>
    <datafield tag="520" ind1=" " ind2=" ">
      <subfield code="a">"The first installment of the two-film adaptation of Harry Potter and the
        Deathly Hallows follows Harry (Daniel Radcliffe), Ron (Rupert Grint), and Hermione (Emma
        Watson) as they search for the pieces of Voldemort's (Ralph Fiennes) soul that he extracted
        from his being and hid in obscure locations both far and wide. If the trio is unable to
        locate and destroy them all, Voldemort will remain immortal. Despite their long friendship,
        a combination of dark forces, romantic tensions, and long-held secrets threaten to sabotage
        the mission. David Yates directs"--Allmovie.com, viewed July 23, 2018.</subfield>
    </datafield>
    <datafield tag="521" ind1="8" ind2=" ">
      <subfield code="a">MPAA rating: PG-13.</subfield>
    </datafield>
    <datafield tag="500" ind1=" " ind2=" ">
      <subfield code="a">Not viewed.</subfield>
    </datafield>
    <datafield tag="500" ind1=" " ind2=" ">
      <subfield code="a">Sources used: Internet movie database, July 23, 2018; Variety, November 11,
        2010; Copyright catalog online.</subfield>
    </datafield>
    <datafield tag="600" ind1="1" ind2="0">
      <subfield code="a">Potter, Harry</subfield>
      <subfield code="c">(Fictitious character)</subfield>
      <subfield code="v">Drama.</subfield>
    </datafield>
    <datafield tag="600" ind1="1" ind2="0">
      <subfield code="a">Granger, Hermione</subfield>
      <subfield code="c">(Fictitious character)</subfield>
      <subfield code="v">Drama.</subfield>
    </datafield>
    <datafield tag="600" ind1="1" ind2="0">
      <subfield code="a">Weasley, Ron</subfield>
      <subfield code="c">(Fictitious character)</subfield>
      <subfield code="v">Drama.</subfield>
    </datafield>
    <datafield tag="650" ind1=" " ind2="0">
      <subfield code="a">Hogwarts School of Witchcraft and Wizardry (Imaginary
        organization)</subfield>
      <subfield code="v">Drama.</subfield>
    </datafield>
    <datafield tag="650" ind1=" " ind2="0">
      <subfield code="a">Witches</subfield>
      <subfield code="v">Drama.</subfield>
    </datafield>
    <datafield tag="650" ind1=" " ind2="0">
      <subfield code="a">Wizards</subfield>
      <subfield code="v">Drama.</subfield>
    </datafield>
    <datafield tag="650" ind1=" " ind2="0">
      <subfield code="a">Magic</subfield>
      <subfield code="v">Drama.</subfield>
    </datafield>
    <datafield tag="650" ind1=" " ind2="0">
      <subfield code="a">Good and evil</subfield>
      <subfield code="v">Drama.</subfield>
    </datafield>
    <datafield tag="655" ind1=" " ind2="7">
      <subfield code="a">Fantasy films.</subfield>
      <subfield code="2">lcgft</subfield>
    </datafield>
    <datafield tag="655" ind1=" " ind2="7">
      <subfield code="a">Action and adventure films.</subfield>
      <subfield code="2">lcgft</subfield>
    </datafield>
    <datafield tag="655" ind1=" " ind2="7">
      <subfield code="a">Feature films.</subfield>
      <subfield code="2">lcgft</subfield>
    </datafield>
    <datafield tag="655" ind1=" " ind2="7">
      <subfield code="a">Fiction films.</subfield>
      <subfield code="2">lcgft</subfield>
    </datafield>
    <datafield tag="700" ind1="1" ind2=" ">
      <subfield code="a">Yates, David,</subfield>
      <subfield code="d">1963-</subfield>
      <subfield code="e">direction.</subfield>
      <subfield code="1">http://viaf.org/viaf/107492257</subfield>
    </datafield>
    <datafield tag="700" ind1="1" ind2=" ">
      <subfield code="a">Heyman, David,</subfield>
      <subfield code="d">1961-</subfield>
      <subfield code="e">production.</subfield>
      <subfield code="1">http://viaf.org/viaf/66209759</subfield>
    </datafield>
    <datafield tag="700" ind1="1" ind2=" ">
      <subfield code="a">Barron, David</subfield>
      <subfield code="c">(Film producer),</subfield>
      <subfield code="e">production.</subfield>
      <subfield code="1">hhttp://viaf.org/viaf/260415643</subfield>
    </datafield>
    <datafield tag="700" ind1="1" ind2=" ">
      <subfield code="a">Rowling, J. K.,</subfield>
      <subfield code="e">production.</subfield>
      <subfield code="q">(Joanne Kathleen)</subfield>
    </datafield>
    <datafield tag="700" ind1="1" ind2=" ">
      <subfield code="a">Rowling, J. K.,</subfield>
      <subfield code="d">1965-</subfield>
      <subfield code="4"> http://rdaregistry.info/Elements/w/precededByWork.en </subfield>
      <subfield code="i">Preceded by work</subfield>
      <subfield code="q">(Joanne Kathleen)</subfield>
      <subfield code="t">Harry Potter and the Half-Blood Prince</subfield>
      <subfield code="1">http://viaf.org/viaf/175280488</subfield>
    </datafield>
    <datafield tag="700" ind1="1" ind2=" ">
      <subfield code="a">Rowling, J. K.,</subfield>
      <subfield code="d">1965-</subfield>
      <subfield code="4">http://rdaregistry.info/Elements/w/adaptationOfWork.en</subfield>
      <subfield code="i">PAdaptation of work</subfield>
      <subfield code="q">(Joanne Kathleen)</subfield>
      <subfield code="t">Harry Potter and the Half-Blood Prince</subfield>
      <subfield code="1">http://viaf.org/viaf/183367802</subfield>
    </datafield>
    <datafield tag="700" ind1="1" ind2=" ">
      <subfield code="a">Kloves, Steven</subfield>
      <subfield code="e">writing.</subfield>
      <subfield code="1">http://viaf.org/viaf/216494</subfield>
    </datafield>
    <datafield tag="700" ind1="1" ind2=" ">
      <subfield code="a">Radcliffe, Daniel,</subfield>
      <subfield code="d">1989-</subfield>
      <subfield code="e">cast.</subfield>
      <subfield code="1">http://viaf.org/viaf/69135529</subfield>
    </datafield>
    <datafield tag="700" ind1="1" ind2=" ">
      <subfield code="a">Grint, Rupert,</subfield>
      <subfield code="d">1988-</subfield>
      <subfield code="e">cast.</subfield>
      <subfield code="1">http://viaf.org/viaf/85081712</subfield>
    </datafield>
    <datafield tag="700" ind1="1" ind2=" ">
      <subfield code="a">Watson, Emma,</subfield>
      <subfield code="d">1990-</subfield>
      <subfield code="e">cast.</subfield>
      <subfield code="1">http://viaf.org/viaf/59289665</subfield>
    </datafield>
    <datafield tag="710" ind1="2" ind2=" ">
      <subfield code="a">Heyday Films.</subfield>
    </datafield>
    <datafield tag="710" ind1="2" ind2=" ">
      <subfield code="a">Warner Bros. Pictures (1969- )</subfield>
    </datafield>
    <datafield tag="710" ind1="2" ind2=" ">
      <subfield code="a">Copyright Collection (Library of Congress)</subfield>
      <subfield code="5">DLC</subfield>
    </datafield>
    <datafield tag="786" ind1="1" ind2="8">
      <subfield code="t">Harry Potter and the Deathly Hallows, part 1</subfield>
      <subfield code="w">(DLC) 1832779</subfield>
      <subfield code="n">MAVIS</subfield>
    </datafield>
  </record>