
  <record><!--U.S. Library of Congress: Harry Potter and the sorcerer's stone: Rowling, J. K..: multiple, mul: DVD, ,
<leader>01277cgm a22002413a 4500</leader>
    <controlfield tag="001">12700175</controlfield>
    <controlfield tag="005">20030311150902.0</controlfield>
    <controlfield tag="007">m| ||||f|||||||||</controlfield>
    <controlfield tag="008">020311s2001    xx  |     ||   mleng||</controlfield>
    <datafield tag="010" ind1=" " ind2=" ">
      <subfield code="a">  2002637960</subfield>
    </datafield>
    <datafield tag="017" ind1=" " ind2=" ">
      <subfield code="a">PA1-063-646</subfield>
      <subfield code="b">U.S. Copyright Office</subfield>
    </datafield>
    <datafield tag="040" ind1=" " ind2=" ">
      <subfield code="a">DLC</subfield>
      <subfield code="c">DLC</subfield>
      <subfield code="e">amim</subfield>
    </datafield>
    <datafield tag="050" ind1="0" ind2="0">
      <subfield code="a">CGD 2281-2289 (viewing print)</subfield>
    </datafield>
    <datafield tag="245" ind1="0" ind2="0">
      <subfield code="a">Harry Potter and the sorcerer's stone.</subfield>
    </datafield>
    <datafield tag="246" ind1="1" ind2=" ">
      <subfield code="i">Additional title:</subfield>
      <subfield code="a">Harry Potter and the philosopher's stone</subfield>
    </datafield>
    <datafield tag="260" ind1=" " ind2=" ">
      <subfield code="c">2001.</subfield>
    </datafield>
    <datafield tag="300" ind1=" " ind2=" ">
      <subfield code="a">18 film reels of 18 on 9 :</subfield>
      <subfield code="b">sd., col. ;</subfield>
      <subfield code="c">35 mm.</subfield>
      <subfield code="3">viewing print.</subfield>
    </datafield>
    <datafield tag="500" ind1=" " ind2=" ">
      <subfield code="a">Copyright: Warner Brothers, a division of Time Warner Entertainment Company, LP;Time Warner Entertainment Company, LP. Warner Brothers. Appl. au.: Warner Brothers, Inc., employer for hire. Prev. reg.: Novel and screenplay of the same title by J. K. Rowling  preexisting. NM: motion picture, including audio, visual and other  cinematographic material. DCR 2001; PUB 16Nov01; REG 28Nov01; PA1-063-646.</subfield>
    </datafield>
    <datafield tag="500" ind1=" " ind2=" ">
      <subfield code="a">Source used: copyright data base.</subfield>
    </datafield>
    <datafield tag="541" ind1=" " ind2=" ">
      <subfield code="d">Received: 12/10/2001;</subfield>
      <subfield code="3">viewing print;</subfield>
      <subfield code="c">copyright depositRNR;</subfield>
      <subfield code="a">Copyright Collection.</subfield>
    </datafield>
    <datafield tag="655" ind1=" " ind2="7">
      <subfield code="a">Feature.</subfield>
      <subfield code="2">migfg</subfield>
    </datafield>
    <datafield tag="710" ind1="2" ind2=" ">
      <subfield code="a">Copyright Collection (Library of Congress)</subfield>
      <subfield code="5">DLC</subfield>
    </datafield>-->
  </record>