
  <record><!--U.S. Library of Congress: Harry Potter and the sorcerer's stone: Rowling, J. K..: engelsk, eng-->
    <leader>01333cam a2200361 a 4500</leader>
    <controlfield tag="001">12561681</controlfield>
    <controlfield tag="005">20091216113613.0</controlfield>
    <controlfield tag="008">011011s2001    xxua   j      000 1 eng d</controlfield>
    <datafield tag="010" ind1=" " ind2=" ">
      <subfield code="a"> 2001275875</subfield>
    </datafield>
    <datafield tag="020" ind1=" " ind2=" ">
      <subfield code="a">0439294827</subfield>
    </datafield>
    <datafield tag="035" ind1=" " ind2=" ">
      <subfield code="a">(OCoLC)ocm47954598</subfield>
    </datafield>
    <datafield tag="040" ind1=" " ind2=" ">
      <subfield code="a">DPL</subfield>
      <subfield code="c">DPL</subfield>
      <subfield code="d">DLC</subfield>
    </datafield>
    <datafield tag="041" ind1="1" ind2=" ">
      <subfield code="a">eng</subfield>
    </datafield>
    <datafield tag="042" ind1=" " ind2=" ">
      <subfield code="a">lcac</subfield>
      <subfield code="a">lccopycat</subfield>
    </datafield>
    <datafield tag="050" ind1="0" ind2="0">
      <subfield code="a">PZ7</subfield>
      <subfield code="b">.H25623 2001</subfield>
    </datafield>
    <datafield tag="082" ind1="0" ind2="0">
      <subfield code="a">[Fic]</subfield>
      <subfield code="2">22</subfield>
    </datafield>
    <datafield tag="130" ind1=" " ind2=" ">
      <subfield code="a">Harry Potter and the sorcerer's stone (Pop-up book)</subfield>
      <subfield code="1">http://viaf.org/viaf/184602629</subfield>
    </datafield>
    <datafield tag="245" ind1="0" ind2="0">
      <subfield code="a">Harry Potter and the sorcerer's stone :</subfield>
      <subfield code="b">a deluxe pop-up book /</subfield>
      <subfield code="c">[illustrations by Jill Daniels ; paper engineering by Rodger
        Smith].</subfield>
    </datafield>
    <datafield tag="260" ind1=" " ind2=" ">
      <subfield code="a">[United States] :</subfield>
      <subfield code="b">Scholastic,</subfield>
      <subfield code="c">2001.</subfield>
    </datafield>
    <datafield tag="300" ind1=" " ind2=" ">
      <subfield code="a">1 v. (unpaged) :</subfield>
      <subfield code="b">col. ill. ;</subfield>
      <subfield code="c">30 cm.</subfield>
    </datafield>
    <datafield tag="336" ind1=" " ind2=" ">
      <subfield code="a">text</subfield>
      <subfield code="0">http://www.rdaregistry.info/termList/RDAContentType/#1020</subfield>
      <subfield code="2">rdacontent</subfield>
    </datafield>
    <datafield tag="336" ind1=" " ind2=" ">
      <subfield code="a">still image</subfield>
      <subfield code="1">http://rdaregistry.info/termList/RDAContentType/1014</subfield>
      <subfield code="2">rdacontent</subfield>
    </datafield>
    <datafield tag="337" ind1=" " ind2=" ">
      <subfield code="a">unmediated</subfield>
      <subfield code="0">http://rdaregistry.info/termList/RDAMediaType/1007</subfield>
      <subfield code="2">rdamedia</subfield>
    </datafield>
    <datafield tag="338" ind1=" " ind2=" ">
      <subfield code="a">volume</subfield>
      <subfield code="0"> http://www.rdaregistry.info/termList/RDACarrierType/#1049</subfield>
      <subfield code="2">rdacarrier</subfield>
    </datafield>
    <datafield tag="380" ind1=" " ind2=" ">
      <subfield code="a">book</subfield>
      <subfield code="1">http://id.loc.gov/vocabulary/marcgt/boo</subfield>
      <subfield code="2">marcgt</subfield>
    </datafield>
    <datafield tag="650" ind1=" " ind2="0">
      <subfield code="a">Toy and movable books</subfield>
      <subfield code="v">Specimens.</subfield>
    </datafield>
    <datafield tag="650" ind1=" " ind2="0">
      <subfield code="a">Wizards</subfield>
      <subfield code="v">Juvenile fiction.</subfield>
    </datafield>
    <datafield tag="650" ind1=" " ind2="0">
      <subfield code="a">Magic</subfield>
      <subfield code="v">Juvenile fiction.</subfield>
    </datafield>
    <datafield tag="650" ind1=" " ind2="0">
      <subfield code="a">Hogwarts School of Witchcraft and Wizardry (Imaginary
        organization)</subfield>
      <subfield code="v">Juvenile fiction.</subfield>
    </datafield>
    <datafield tag="650" ind1=" " ind2="1">
      <subfield code="a">Wizards</subfield>
      <subfield code="v">Fiction.</subfield>
    </datafield>
    <datafield tag="650" ind1=" " ind2="1">
      <subfield code="a">Magic</subfield>
      <subfield code="v">Fiction.</subfield>
    </datafield>
    <datafield tag="650" ind1=" " ind2="1">
      <subfield code="a">Schools</subfield>
      <subfield code="v">Fiction.</subfield>
    </datafield>
    <datafield tag="651" ind1=" " ind2="1">
      <subfield code="a">England</subfield>
      <subfield code="v">Fiction.</subfield>
    </datafield>
    <datafield tag="650" ind1=" " ind2="1">
      <subfield code="a">Stories without words.</subfield>
    </datafield>
    <datafield tag="650" ind1=" " ind2="1">
      <subfield code="a">Toy and movable books.</subfield>
    </datafield>
    <datafield tag="700" ind1="1" ind2=" ">
      <subfield code="a">Daniels, Jill,</subfield>
      <subfield code="e">ill.</subfield>
      <subfield code="1">http://viaf.org/viaf/1945746</subfield>
    </datafield>
    <datafield tag="700" ind1="1" ind2=" ">
      <subfield code="a">Smith, Rodger,</subfield>
      <subfield code="e">ill.</subfield>
      <subfield code="1">http://viaf.org/viaf/77949752</subfield>
    </datafield>
    <datafield tag="700" ind1="1" ind2=" ">
      <subfield code="a">Rowling, J. K.,</subfield>
      <subfield code="d">1965-</subfield>
      <subfield code="4">http://rdaregistry.info/Elements/w/adaptationOfWork.en</subfield>
      <subfield code="i">Adaptation of work</subfield>
      <subfield code="q">(Joanne Kathleen)</subfield>
      <subfield code="t">Harry Potter and the Half-Blood Prince</subfield>
      <subfield code="1">http://viaf.org/viaf/183367802</subfield>
    </datafield>
  </record>