
  <!--Conan av Robert E. Howard-->
  <record><!--U.S. Library of Congress: The colossal Conan the Cimmerian: Howard, Robert, E.: engelsk, eng-->
    <leader>03177cam a2200433 i 4500</leader>
    <controlfield tag="001">20507205</controlfield>
    <controlfield tag="005">20190110093416.0</controlfield>
    <controlfield tag="008">180522s2018    orua     6    000 1 eng  </controlfield>
    <datafield tag="010" ind1=" " ind2=" ">
      <subfield code="a"> 2018025042</subfield>
    </datafield>
    <datafield tag="020" ind1=" " ind2=" ">
      <subfield code="a">9781506710464 (hardback)</subfield>
    </datafield>
    <datafield tag="040" ind1=" " ind2=" ">
      <subfield code="a">DLC</subfield>
      <subfield code="b">eng</subfield>
      <subfield code="c">DLC</subfield>
      <subfield code="e">rda</subfield>
    </datafield>
    <datafield tag="041" ind1="1" ind2=" ">
      <subfield code="a">eng</subfield>
    </datafield>
    <datafield tag="042" ind1=" " ind2=" ">
      <subfield code="a">pcc</subfield>
    </datafield>
    <datafield tag="050" ind1="0" ind2="0">
      <subfield code="a">PN6728.C65</subfield>
      <subfield code="b">C64 2018</subfield>
    </datafield>
    <datafield tag="082" ind1="0" ind2="0">
      <subfield code="a">741.5/973</subfield>
      <subfield code="2">23</subfield>
    </datafield>
    <datafield tag="084" ind1=" " ind2=" ">
      <subfield code="a">CGN004030</subfield>
      <subfield code="a">CGN004030</subfield>
      <subfield code="2">bisacsh</subfield>
    </datafield>
    <datafield tag="130" ind1="1" ind2="0">
      <subfield code="a"> The colossal conan the cimmerian </subfield>
      <subfield code="l">English</subfield>
    </datafield>
    <datafield tag="245" ind1="0" ind2="4">
      <subfield code="a">The colossal Conan the Cimmerian /</subfield>
      <subfield code="c">Timothy Truman, Tomás Giorello, José Villarrubia, Richard Starkings and
        Comicraft [and others].</subfield>
    </datafield>
    <datafield tag="250" ind1=" " ind2=" ">
      <subfield code="a">First edition.</subfield>
    </datafield>
    <datafield tag="264" ind1=" " ind2="1">
      <subfield code="a">Milwaukie, OR :</subfield>
      <subfield code="b">Dark Horse Books,</subfield>
      <subfield code="c">October 2018.</subfield>
    </datafield>
    <datafield tag="300" ind1=" " ind2=" ">
      <subfield code="a">680 pages :</subfield>
      <subfield code="b">chiefly color illustrations ;</subfield>
      <subfield code="c">32 cm</subfield>
    </datafield>
    <datafield tag="336" ind1=" " ind2=" ">
      <subfield code="a">text</subfield>
      <subfield code="1">http://www.rdaregistry.info/termList/RDAContentType/#1020</subfield>
      <subfield code="2">rdacontent</subfield>
    </datafield>
    <datafield tag="336" ind1=" " ind2=" ">
      <subfield code="a">still image</subfield>
      <subfield code="1">http://rdaregistry.info/termList/RDAContentType/1014</subfield>
      <subfield code="2">rdacontent</subfield>
    </datafield>
    <datafield tag="337" ind1=" " ind2=" ">
      <subfield code="a">unmediated</subfield>
      <subfield code="1">http://rdaregistry.info/termList/RDAMediaType/1007</subfield>
      <subfield code="2">rdamedia</subfield>
    </datafield>
    <datafield tag="338" ind1=" " ind2=" ">
      <subfield code="a">volume</subfield>
      <subfield code="1"> http://www.rdaregistry.info/termList/RDACarrierType/#1049</subfield>
      <subfield code="2">rdacarrier</subfield>
    </datafield>
    <datafield tag="380" ind1=" " ind2=" ">
      <subfield code="a">book</subfield>
      <subfield code="1">http://id.loc.gov/vocabulary/marcgt/boo</subfield>
      <subfield code="2">marcgt</subfield>
    </datafield>
    <datafield tag="500" ind1=" " ind2=" ">
      <subfield code="a">Based on the original stories by Conan creator Robert E. Howard, this
        volume includes adaptations of the poem "Cimmeria," the short stories "Black Colossus" and
        "Iron Shadows in the Moon," several chapters from the novel The Hour of the Dragon, and
        Howard's "Nemedian Chronicles" text that opens the short story, "The Phoenix on the
        Sword."</subfield>
    </datafield>
    <datafield tag="500" ind1=" " ind2=" ">
      <subfield code="a">"This book collects issues #0-#25 of the Dark Horse Comics series Conan the
        Cimmerian, originally published from June 2008 to November 2010."</subfield>
    </datafield>
    <datafield tag="520" ind1=" " ind2=" ">
      <subfield code="a">"Conan returns to his homeland to explore his roots and find renewed
        purpose as a young mercenary. This complete collection of Dark Horse's Conan the Cimmerian
        run gathers issues #0 to #25 of that celebrated series together, including all variant cover
        work! The award-winning creative team of Timothy Truman, Tomas Giorello, and Jose
        Villarrubia adapt several of Robert E. Howard's original Conan stories and tell new tales
        that tie everything together chronologically. Original Howard works that are adapted include
        the poem "Cimmeria" and short stories "Black Colossus," and "Iron Shadows in the Moon."
        Guest artists include Joe Kubert, Richard Corben, and Paul Lee!"--</subfield>
      <subfield code="c">Provided by publisher.</subfield>
    </datafield>
    <datafield tag="520" ind1=" " ind2=" ">
      <subfield code="a">"Conan returns to his homeland to explore his roots and find renewed
        purpose as a young mercenary. This complete collection of Dark Horse's Conan the Cimmerian
        run gathers issues #0 to #25 of the award-winning, fan-favorite series together, including
        all variant cover work and a set of brilliant pinups by a wide range of industry
        professionals!"--</subfield>
      <subfield code="c">Provided by publisher.</subfield>
    </datafield>
    <datafield tag="650" ind1=" " ind2="7">
      <subfield code="a">COMICS &amp; GRAPHIC NOVELS / Fantasy.</subfield>
      <subfield code="2">bisacsh</subfield>
    </datafield>
    <datafield tag="650" ind1=" " ind2="7">
      <subfield code="a">COMICS &amp; GRAPHIC NOVELS / Fantasy.</subfield>
      <subfield code="2">bisacsh</subfield>
    </datafield>
    <datafield tag="700" ind1="1" ind2=" ">
      <subfield code="a">Truman, Timothy,</subfield>
      <subfield code="e">author</subfield>
      <subfield code="4">aut</subfield>
      <subfield code="d">1956-</subfield>
      <subfield code="1">http://viaf.org/viaf/80466380</subfield>
    </datafield>
    <datafield tag="700" ind1="1" ind2=" ">
      <subfield code="a">Giorello, Tomás,</subfield>
      <subfield code="e">artist.</subfield>
      <subfield code="4">art</subfield>
      <subfield code="1">http://viaf.org/viaf/5172093</subfield>
    </datafield>
    <datafield tag="700" ind1="1" ind2=" ">
      <subfield code="a">Villarrubia, José,</subfield>
      <subfield code="d">1961-</subfield>
      <subfield code="e">artist.</subfield>
      <subfield code="4">art</subfield>
      <subfield code="1">http://viaf.org/viaf/29836518</subfield>
    </datafield>
    <datafield tag="700" ind1="1" ind2=" ">
      <subfield code="a">Starkings, Richard,</subfield>
      <subfield code="e">letterer.</subfield>
      <subfield code="d">1962-</subfield>
      <subfield code="4">ltr</subfield>
      <subfield code="1">http://viaf.org/viaf/21498608</subfield>
    </datafield>
    <datafield tag="700" ind1="1" ind2=" ">
      <subfield code="a">Howard, Robert E.</subfield>
      <subfield code="d">1906-1936</subfield>
      <subfield code="4">http://rdaregistry.info/Elements/w/basedOnWork.en</subfield>
      <subfield code="i">Based on work </subfield>
      <subfield code="t">Conan series</subfield>
      <subfield code="1"> http://viaf.org/viaf/155146937839513832499 </subfield>
    </datafield>
    <datafield tag="710" ind1="2" ind2=" ">
      <subfield code="a">Comicraft (Firm),</subfield>
      <subfield code="e">letterer.</subfield>
    </datafield>
    <datafield tag="700" ind1="1" ind2=" ">
      <subfield code="a">Howard, Robert E.</subfield>
      <subfield code="q">(Robert Ervin),</subfield>
      <subfield code="d">1906-1936,</subfield>
      <subfield code="e">creator.</subfield>
      <subfield code="1">http://viaf.org/viaf/41841537</subfield>
    </datafield>
    <datafield tag="700" ind1="1" ind2=" ">
      <subfield code="a">Howard, Robert E.</subfield>
      <subfield code="d">1906-1936</subfield>
      <subfield code="i">http://rdaregistry.info/Elements/w/basedOnWork.en</subfield>
      <subfield code="t">Conan series</subfield>
      <subfield code="1"> http://viaf.org/viaf/155146937839513832499 </subfield>
    </datafield>
    <datafield tag="700" ind1="1" ind2=" ">
      <subfield code="a">Howard, Robert E.</subfield>
      <subfield code="d">1906-1936</subfield>
      <subfield code="4">http://rdaregistry.info/Elements/w/basedOnWork.en</subfield>
      <subfield code="i">Based on work </subfield>
      <subfield code="t">Conan series</subfield>
      <subfield code="1"> http://viaf.org/viaf/155146937839513832499 </subfield>
    </datafield>
    <datafield tag="730" ind1="0" ind2=" ">
      <subfield code="a">Conan (Milwaukie, Ore.)</subfield>
    </datafield>
  </record>