
  <record><!--U.S. Library of Congress: Conan and the daughters of Midora: Howard, Robert, E.: engelsk, eng-->
    <leader>00555cas a22001693a 4500</leader>
    <controlfield tag="001">15822136</controlfield>
    <controlfield tag="005">20101001095602.0</controlfield>
    <controlfield tag="008">090717u2004uuuuoruuu p       0   a0eng  </controlfield>
    <datafield tag="041" ind1="1" ind2=" ">
      <subfield code="a">eng</subfield>
    </datafield>
    <datafield tag="050" ind1="0" ind2="0">
      <subfield code="a">Comic Book 06647</subfield>
    </datafield>
    <datafield tag="130" ind1="1" ind2="0">
      <subfield code="a"> Conan and the daughters of midora </subfield>
      <subfield code="l">English</subfield>
    </datafield>
    <datafield tag="245" ind1="0" ind2="0">
      <subfield code="a">Conan and the daughters of Midora.</subfield>
    </datafield>
    <datafield tag="260" ind1=" " ind2=" ">
      <subfield code="a">Milwaukie, OR :</subfield>
      <subfield code="b">Dark Horse Comics,</subfield>
    </datafield>
    <datafield tag="300" ind1=" " ind2=" ">
      <subfield code="a">v.</subfield>
    </datafield>
    <datafield tag="310" ind1=" " ind2=" ">
      <subfield code="a">Unknown</subfield>
    </datafield>
    <datafield tag="336" ind1=" " ind2=" ">
      <subfield code="a">text</subfield>
      <subfield code="1">http://www.rdaregistry.info/termList/RDAContentType/#1020</subfield>
      <subfield code="2">rdacontent</subfield>
    </datafield>
    <datafield tag="336" ind1=" " ind2=" ">
      <subfield code="a">still image</subfield>
      <subfield code="1">http://rdaregistry.info/termList/RDAContentType/1014</subfield>
      <subfield code="2">rdacontent</subfield>
    </datafield>
    <datafield tag="337" ind1=" " ind2=" ">
      <subfield code="a">unmediated</subfield>
      <subfield code="1">http://rdaregistry.info/termList/RDAMediaType/1007</subfield>
      <subfield code="2">rdamedia</subfield>
    </datafield>
    <datafield tag="338" ind1=" " ind2=" ">
      <subfield code="a">volume</subfield>
      <subfield code="1"> http://www.rdaregistry.info/termList/RDACarrierType/#1049</subfield>
      <subfield code="2">rdacarrier</subfield>
    </datafield>
    <datafield tag="380" ind1=" " ind2=" ">
      <subfield code="a">book</subfield>
      <subfield code="1">http://id.loc.gov/vocabulary/marcgt/boo</subfield>
      <subfield code="2">marcgt</subfield>
    </datafield>
    <datafield tag="500" ind1=" " ind2=" ">
      <subfield code="a">Description based on: Oct. 2004; title from indicia.</subfield>
    </datafield>
    <datafield tag="650" ind1=" " ind2="0">
      <subfield code="a">Comic books, strips, etc.</subfield>
      <subfield code="v">Periodicals.</subfield>
    </datafield>
    <datafield tag="700" ind1="1" ind2=" ">
      <subfield code="a">Howard, Robert E.</subfield>
      <subfield code="d">1906-1936</subfield>
      <subfield code="4">http://rdaregistry.info/Elements/w/basedOnWork.en</subfield>
      <subfield code="i">Based on work </subfield>
      <subfield code="t">Conan series</subfield>
      <subfield code="1"> http://viaf.org/viaf/155146937839513832499 </subfield>
    </datafield>
  </record>