
  <record><!--U.S. Library of Congress: Conan and the young warriors; Arena: Howard, Robert, E.: engelsk, eng: VHS-->
    <leader>01144ngm a22003255a 4500</leader>
    <controlfield tag="001">11645172</controlfield>
    <controlfield tag="005">00000000000000.0</controlfield>
    <controlfield tag="008">950222s1994    xx                vaund  </controlfield>
    <datafield tag="035" ind1=" " ind2=" ">
      <subfield code="9">(DLC) 95502602</subfield>
    </datafield>
    <datafield tag="010" ind1=" " ind2=" ">
      <subfield code="a"> 95502602 </subfield>
    </datafield>
    <controlfield tag="007">v| ||||||</controlfield>
    <datafield tag="017" ind1=" " ind2=" ">
      <subfield code="a">PA711-919</subfield>
      <subfield code="b">U.S. Copyright Office</subfield>
    </datafield>
    <datafield tag="040" ind1=" " ind2=" ">
      <subfield code="a">DLC</subfield>
      <subfield code="c">DLC</subfield>
      <subfield code="e">amim</subfield>
    </datafield>
    <datafield tag="041" ind1="1" ind2=" ">
      <subfield code="a">eng</subfield>
    </datafield>
    <datafield tag="050" ind1="0" ind2="0">
      <subfield code="a">VAD 6955 (viewing copy)</subfield>
    </datafield>
    <datafield tag="130" ind1="1" ind2="0">
      <subfield code="a"> Conan and the young warriors </subfield>
      <subfield code="l">English</subfield>
    </datafield>
    <datafield tag="240" ind1="1" ind2="0">
      <subfield code="a">Conan and the young warriors</subfield>
      <subfield code="l">English</subfield>
    </datafield>
    <datafield tag="245" ind1="0" ind2="0">
      <subfield code="a">Conan and the young warriors.</subfield>
      <subfield code="p">Arena /</subfield>
      <subfield code="c">Sunbow Productions, Inc.</subfield>
    </datafield>
    <datafield tag="260" ind1=" " ind2=" ">
      <subfield code="c">1994.</subfield>
    </datafield>
    <datafield tag="300" ind1=" " ind2=" ">
      <subfield code="a">1 videocassette of 1 :</subfield>
      <subfield code="b">sd., col. ;</subfield>
      <subfield code="c">1/2 in. viewing copy.</subfield>
    </datafield>
    <datafield tag="336" ind1=" " ind2=" ">
      <subfield code="a">two-dimensional moving image</subfield>
      <subfield code="1">http://rdaregistry.info/termList/RDAContentType/1023</subfield>
      <subfield code="2">rdacontent</subfield>
    </datafield>
    <datafield tag="337" ind1=" " ind2=" ">
      <subfield code="a">video</subfield>
      <subfield code="1">http://rdaregistry.info/termList/RDAMediaType/1008 </subfield>
      <subfield code="2">rdamedia</subfield>
    </datafield>
    <datafield tag="338" ind1=" " ind2=" ">
      <subfield code="a">film casette</subfield>
      <subfield code="1"> http://rdaregistry.info/termList/RDACarrierType/1033</subfield>
      <subfield code="2">rdacarrier</subfield>
    </datafield>
    <datafield tag="380" ind1=" " ind2=" ">
      <subfield code="a">sound</subfield>
      <subfield code="1">http://id.loc.gov/vocabulary/marcgt/sou</subfield>
      <subfield code="2">marcgt</subfield>
    </datafield>
    <datafield tag="500" ind1=" " ind2=" ">
      <subfield code="a">Copyright: Sunbow Productions, Inc. PUB 9Jul94; PA711-919.</subfield>
    </datafield>
    <datafield tag="500" ind1=" " ind2=" ">
      <subfield code="a">No. 3106.</subfield>
    </datafield>
    <datafield tag="500" ind1=" " ind2=" ">
      <subfield code="a">Source used: copyright data sheet.</subfield>
    </datafield>
    <datafield tag="541" ind1=" " ind2=" ">
      <subfield code="d">Received: 12/6/94;</subfield>
      <subfield code="3">viewing copy;</subfield>
      <subfield code="c">copyright deposit--no agreement;</subfield>
      <subfield code="a">Copyright Collection.</subfield>
    </datafield>
    <datafield tag="655" ind1=" " ind2="7">
      <subfield code="a">Animation.</subfield>
      <subfield code="2">mim</subfield>
    </datafield>
    <datafield tag="655" ind1=" " ind2="7">
      <subfield code="a">Children's films and programs.</subfield>
      <subfield code="2">mim</subfield>
    </datafield>
    <datafield tag="655" ind1=" " ind2="7">
      <subfield code="a">Television.</subfield>
      <subfield code="2">mim</subfield>
    </datafield>
    <datafield tag="655" ind1=" " ind2="7">
      <subfield code="a">Series.</subfield>
      <subfield code="2">mim</subfield>
    </datafield>
    <datafield tag="700" ind1="1" ind2=" ">
      <subfield code="a">Howard, Robert E.</subfield>
      <subfield code="d">1906-1936</subfield>
      <subfield code="4">http://rdaregistry.info/Elements/w/basedOnWork.en</subfield>
      <subfield code="i">Based on work </subfield>
      <subfield code="t">Conan series</subfield>
      <subfield code="1"> http://viaf.org/viaf/155146937839513832499 </subfield>
    </datafield>
    <datafield tag="710" ind1="2" ind2=" ">
      <subfield code="a">Copyright Collection (Library of Congress)</subfield>
      <subfield code="5">DLC</subfield>
    </datafield>
    <datafield tag="740" ind1="0" ind2=" ">
      <subfield code="a">Arena.</subfield>
    </datafield>
  </record>