
  <!--Watership Down av Richard Adams-->
  <record><!--U.S. Library of Congress: Watership Down: Adams, Richard: engelsk, eng: filmmusikk
    <leader>01219njm a22002777a 4500</leader>
    <controlfield tag="001">5678995</controlfield>
    <controlfield tag="005">19930521104726.6</controlfield>
    <controlfield tag="007">sdubsmennmplu</controlfield>
    <controlfield tag="008">930518s1978    nyuuun              eng  </controlfield>
    <datafield tag="035" ind1=" " ind2=" ">
      <subfield code="9">(DLC)   93711954</subfield>
    </datafield>
    <datafield tag="010" ind1=" " ind2=" ">
      <subfield code="a">   93711954 </subfield>
    </datafield>
    <datafield tag="028" ind1="0" ind2="0">
      <subfield code="a">JS 35707</subfield>
      <subfield code="b">Columbia</subfield>
    </datafield>
    <datafield tag="040" ind1=" " ind2=" ">
      <subfield code="a">DLC</subfield>
      <subfield code="c">DLC</subfield>
    </datafield>
<datafield tag="041" ind1="1" ind2=" ">
      <subfield code="a">eng</subfield>
</datafield>
    <datafield tag="050" ind1="0" ind2="0">
      <subfield code="a">Columbia JS 35707</subfield>
    </datafield>
    <datafield tag="245" ind1="0" ind2="0">
      <subfield code="a">Watership down</subfield>
      <subfield code="h">[sound recording] :</subfield>
      <subfield code="b">original soundtrack /</subfield>
      <subfield code="c">[music composed by Angela Morley].</subfield>
    </datafield>
    <datafield tag="260" ind1=" " ind2=" ">
      <subfield code="a">New York, N.Y. :</subfield>
      <subfield code="b">Columbia,</subfield>
      <subfield code="c">p1978.</subfield>
    </datafield>
    <datafield tag="300" ind1=" " ind2=" ">
      <subfield code="a">1 sound disc :</subfield>
      <subfield code="b">analog, 33 1/3 rpm, stereo. ;</subfield>
      <subfield code="c">12 in.</subfield>
    </datafield>
    <datafield tag="511" ind1="0" ind2=" ">
      <subfield code="a">Various performers.</subfield>
    </datafield>
    <datafield tag="505" ind1="0" ind2=" ">
      <subfield code="a">Prologue and main title  Venturing forth  Into the mist  Crossing the river and onward  Fiver's vision  Through the woods  The rat fight  Violet's gone  Climbing the down  Bright Eyes and interlude  Bigwig's capture  Kehaar's theme  The escape from Efrafa  Hazel's plan  Final struggle and triumph  The end titles.</subfield>
    </datafield>
    <datafield tag="500" ind1=" " ind2=" ">
      <subfield code="a">Brief record.</subfield>
    </datafield>
    <datafield tag="650" ind1=" " ind2="0">
      <subfield code="a">Motion picture music.</subfield>
    </datafield>
    <datafield tag="700" ind1="1" ind2=" ">
      <subfield code="a">Morley, Angela.</subfield>
    </datafield>
    <datafield tag="730" ind1="0" ind2=" ">
      <subfield code="a">Watership down (Motion picture)</subfield>
    </datafield>-->
  </record>