
  <!--British Library-->
  <!--Harry Potter av J. K. Rowling-->
  <record><!--The British Library: Ha-ruʾe Phod-thar dang gsang baʾi khang pa: Rowling, J. K..: tibetansk, tibod: oversatt-->
    <leader>02164nam a2200505 i 4500</leader>
    <controlfield tag="001">018306676</controlfield>
    <controlfield tag="003">Uk</controlfield>
    <controlfield tag="005">20180903094243.0</controlfield>
    <controlfield tag="008">110526s2009    cc a   j      000 1 tibod</controlfield>
    <datafield tag="020" ind1=" " ind2=" ">
      <subfield code="a">9787223026246</subfield>
    </datafield>
    <datafield tag="020" ind1=" " ind2=" ">
      <subfield code="a">7223026243</subfield>
    </datafield>
    <datafield tag="035" ind1=" " ind2=" ">
      <subfield code="a">(OCoLC)727114181</subfield>
    </datafield>
    <datafield tag="040" ind1=" " ind2=" ">
      <subfield code="a">LOA</subfield>
      <subfield code="b">eng</subfield>
      <subfield code="c">LOA</subfield>
      <subfield code="d">OCL</subfield>
      <subfield code="d">ZCU</subfield>
      <subfield code="d">OCLCF</subfield>
      <subfield code="d">OCLCQ</subfield>
      <subfield code="d">OCLCO</subfield>
      <subfield code="d">OCL</subfield>
      <subfield code="d">OCLCQ</subfield>
      <subfield code="d">OCLCO</subfield>
      <subfield code="d">Uk</subfield>
      <subfield code="e">rda</subfield>
    </datafield>
    <datafield tag="041" ind1="1" ind2=" ">
      <subfield code="a">tib</subfield>
      <subfield code="h">eng</subfield>
    </datafield>
    <datafield tag="042" ind1=" " ind2=" ">
      <subfield code="a">ukblsr</subfield>
    </datafield>
    <datafield tag="043" ind1=" " ind2=" ">
      <subfield code="a">e-uk-en</subfield>
    </datafield>
    <datafield tag="050" ind1=" " ind2="4">
      <subfield code="a">PZ90.T58</subfield>
      <subfield code="b">R688 2009</subfield>
    </datafield>
    <datafield tag="100" ind1="1" ind2=" ">
      <subfield code="a">Rowling, J. K.,</subfield>
      <subfield code="e">author.</subfield>
      <subfield code="d">1965-</subfield>
      <subfield code="q">(Joanne Kathleen)</subfield>
      <subfield code="4">aut</subfield>
      <subfield code="1">http://viaf.org/viaf/116796842</subfield>
    </datafield>
    <datafield tag="240" ind1="1" ind2="0">
      <subfield code="a">Harry Potter and the chamber of secrets.</subfield>
      <subfield code="l">Tibetan</subfield>
      <subfield code="1">http://viaf.org/viaf/289575944</subfield>
    </datafield>
    <datafield tag="245" ind1="1" ind2="0">
      <subfield code="6">880-01</subfield>
      <subfield code="a">Ha-ruʾe Phod-thar dang gsang baʾi khang pa /</subfield>
      <subfield code="c">J.K. Raʾu-ling gis brtsams ; Nor-dkyil Bu-chung-rgyal gyis
        bsgyur.</subfield>
    </datafield>
    <datafield tag="264" ind1=" " ind2="1">
      <subfield code="a">Lha-sa :</subfield>
      <subfield code="b">Bod-jongs mi dmangs dpe skrun khang,</subfield>
      <subfield code="c">2009.</subfield>
    </datafield>
    <datafield tag="300" ind1=" " ind2=" ">
      <subfield code="a">348 pages :</subfield>
      <subfield code="b">illustrations ;</subfield>
      <subfield code="c">24 cm</subfield>
    </datafield>
    <datafield tag="336" ind1=" " ind2=" ">
      <subfield code="a">text</subfield>
      <subfield code="0">http://www.rdaregistry.info/termList/RDAContentType/#1020</subfield>
      <subfield code="2">rdacontent</subfield>
    </datafield>
    <datafield tag="337" ind1=" " ind2=" ">
      <subfield code="a">unmediated</subfield>
      <subfield code="0">http://rdaregistry.info/termList/RDAMediaType/1007</subfield>
      <subfield code="2">rdamedia</subfield>
    </datafield>
    <datafield tag="338" ind1=" " ind2=" ">
      <subfield code="a">volume</subfield>
      <subfield code="0"> http://www.rdaregistry.info/termList/RDACarrierType/#1049</subfield>
      <subfield code="2">rdacarrier</subfield>
    </datafield>
    <datafield tag="380" ind1=" " ind2=" ">
      <subfield code="a">book</subfield>
      <subfield code="1">http://id.loc.gov/vocabulary/marcgt/boo</subfield>
      <subfield code="2">marcgt</subfield>
    </datafield>
    <datafield tag="546" ind1=" " ind2=" ">
      <subfield code="a">In Tibetan.</subfield>
    </datafield>
    <datafield tag="600" ind1="1" ind2="0">
      <subfield code="a">Potter, Harry</subfield>
      <subfield code="c">(Fictitious character)</subfield>
      <subfield code="v">Juvenile fiction.</subfield>
    </datafield>
    <datafield tag="650" ind1=" " ind2="0">
      <subfield code="a">Wizards</subfield>
      <subfield code="v">Juvenile fiction.</subfield>
    </datafield>
    <datafield tag="650" ind1=" " ind2="0">
      <subfield code="a">Magic</subfield>
      <subfield code="v">Juvenile fiction.</subfield>
    </datafield>
    <datafield tag="650" ind1=" " ind2="0">
      <subfield code="a">Hogwarts School of Witchcraft and Wizardry (Imaginary
        organization)</subfield>
      <subfield code="v">Juvenile fiction.</subfield>
    </datafield>
    <datafield tag="650" ind1=" " ind2="0">
      <subfield code="a">Schools</subfield>
      <subfield code="v">Juvenile fiction.</subfield>
    </datafield>
    <datafield tag="651" ind1=" " ind2="0">
      <subfield code="a">England</subfield>
      <subfield code="v">Juvenile fiction.</subfield>
    </datafield>
    <datafield tag="650" ind1=" " ind2="7">
      <subfield code="a">Hogwarts School of Witchcraft and Wizardry (Imaginary
        organization)</subfield>
      <subfield code="2">fast</subfield>
      <subfield code="0">(OCoLC)fst01729962</subfield>
    </datafield>
    <datafield tag="650" ind1=" " ind2="7">
      <subfield code="a">Magic.</subfield>
      <subfield code="2">fast</subfield>
      <subfield code="0">(OCoLC)fst01005468</subfield>
    </datafield>
    <datafield tag="600" ind1="1" ind2="7">
      <subfield code="a">Potter, Harry</subfield>
      <subfield code="c">(Fictitious character)</subfield>
      <subfield code="2">fast</subfield>
      <subfield code="0">(OCoLC)fst01073565</subfield>
    </datafield>
    <datafield tag="650" ind1=" " ind2="7">
      <subfield code="a">Schools.</subfield>
      <subfield code="2">fast</subfield>
      <subfield code="0">(OCoLC)fst01107958</subfield>
    </datafield>
    <datafield tag="650" ind1=" " ind2="7">
      <subfield code="a">Wizards.</subfield>
      <subfield code="2">fast</subfield>
      <subfield code="0">(OCoLC)fst01176452</subfield>
    </datafield>
    <datafield tag="651" ind1=" " ind2="7">
      <subfield code="a">England.</subfield>
      <subfield code="2">fast</subfield>
      <subfield code="0">(OCoLC)fst01219920</subfield>
    </datafield>
    <datafield tag="655" ind1=" " ind2="4">
      <subfield code="a">Children's stories, English</subfield>
      <subfield code="v">Translations into Tibetan.</subfield>
    </datafield>
    <datafield tag="655" ind1=" " ind2="7">
      <subfield code="a">Fiction.</subfield>
      <subfield code="2">fast</subfield>
      <subfield code="0">(OCoLC)fst01423787</subfield>
    </datafield>
    <datafield tag="655" ind1=" " ind2="7">
      <subfield code="a">Juvenile works.</subfield>
      <subfield code="2">fast</subfield>
      <subfield code="0">(OCoLC)fst01411637</subfield>
    </datafield>
    <datafield tag="655" ind1=" " ind2="7">
      <subfield code="a">Children's stories, English</subfield>
      <subfield code="v">Translations into Tibetan.</subfield>
      <subfield code="2">local</subfield>
    </datafield>
    <datafield tag="700" ind1="0" ind2=" ">
      <subfield code="a">Bu-chuṅ-rgyal,</subfield>
      <subfield code="c">Nor-dkyil,</subfield>
      <subfield code="d">1971-</subfield>
      <subfield code="1">http://viaf.org/viaf/19119986</subfield>
      <subfield code="e">translator.</subfield>
      <subfield code="4">trl</subfield>
    </datafield>
    <datafield tag="700" ind1="1" ind2=" ">
      <subfield code="a">Rowling, J. K.,</subfield>
      <subfield code="d">1965-</subfield>
      <subfield code="4"> http://rdaregistry.info/Elements/w/precededByWork.en </subfield>
      <subfield code="i">Preceded by work</subfield>
      <subfield code="t">Ha-ruʼe Phod-thar daṅ tshe rdo</subfield>
      <subfield code="1">http://viaf.org/viaf/182952373</subfield>
    </datafield>
    <datafield tag="880" ind1="1" ind2="0">
      <subfield code="6">245-01</subfield>
      <subfield code="a">ཧ་རུའེ་ཕོད་ཐར་དང་གསང་བའི་ཁང་པ།</subfield>
    </datafield>
    <datafield tag="852" ind1="4" ind2="1">
      <subfield code="a">British Library</subfield>
      <subfield code="b">OC</subfield>
      <subfield code="j">YP.2018.a.6899</subfield>
    </datafield>
  </record>