
  <!--Conan av Robert E. Howard-->
  <record><!--The British Library: Conan of Cimmeria: Howard, Robert, E.: engelsk, eng-->
    <leader>00894nam a22002533 4500</leader>
    <controlfield tag="001">001747217</controlfield>
    <controlfield tag="005">20171208205100.0</controlfield>
    <controlfield tag="008">881005|1974|||||||    ||     ||| |||||  </controlfield>
    <datafield tag="019" ind1="x" ind2=" ">
      <subfield code="a">153452021X</subfield>
    </datafield>
    <datafield tag="020" ind1=" " ind2=" ">
      <subfield code="a">0722146957</subfield>
    </datafield>
    <datafield tag="040" ind1=" " ind2=" ">
      <subfield code="a">Uk</subfield>
      <subfield code="c">Uk</subfield>
    </datafield>
    <datafield tag="041" ind1="1" ind2=" ">
      <subfield code="a">eng</subfield>
    </datafield>
    <datafield tag="100" ind1="1" ind2=" ">
      <subfield code="a">Howard, Robert E.</subfield>
      <subfield code="d">1906-1936</subfield>
      <subfield code="e">author</subfield>
      <subfield code="q">Howard, Robert Ervin</subfield>
      <subfield code="4">aut</subfield>
      <subfield code="1">http://viaf.org/viaf/41841537</subfield>
    </datafield>
    <datafield tag="240" ind1="1" ind2="0">
      <subfield code="a"> The legend of conan </subfield>
      <subfield code="l">English</subfield>
    </datafield>
    <datafield tag="245" ind1="1" ind2="0">
      <subfield code="a">Conan of Cimmeria. [By] Robert E. Howard, L. Sprague de Camp and Lin
        Carter.</subfield>
    </datafield>
    <datafield tag="260" ind1=" " ind2=" ">
      <subfield code="a">London :</subfield>
      <subfield code="b">Sphere,</subfield>
      <subfield code="c">1974.</subfield>
    </datafield>
    <datafield tag="300" ind1=" " ind2=" ">
      <subfield code="a">192 p. ;</subfield>
      <subfield code="c">18 cm.</subfield>
    </datafield>
    <datafield tag="336" ind1=" " ind2=" ">
      <subfield code="a">text</subfield>
      <subfield code="1">http://www.rdaregistry.info/termList/RDAContentType/#1020</subfield>
      <subfield code="2">rdacontent</subfield>
    </datafield>
    <datafield tag="336" ind1=" " ind2=" ">
      <subfield code="a">still image</subfield>
      <subfield code="1">http://rdaregistry.info/termList/RDAContentType/1014</subfield>
      <subfield code="2">rdacontent</subfield>
    </datafield>
    <datafield tag="337" ind1=" " ind2=" ">
      <subfield code="a">unmediated</subfield>
      <subfield code="1">http://rdaregistry.info/termList/RDAMediaType/1007</subfield>
      <subfield code="2">rdamedia</subfield>
    </datafield>
    <datafield tag="338" ind1=" " ind2=" ">
      <subfield code="a">volume</subfield>
      <subfield code="1"> http://www.rdaregistry.info/termList/RDACarrierType/#1049</subfield>
      <subfield code="2">rdacarrier</subfield>
    </datafield>
    <datafield tag="380" ind1=" " ind2=" ">
      <subfield code="a">book</subfield>
      <subfield code="1">http://id.loc.gov/vocabulary/marcgt/boo</subfield>
      <subfield code="2">marcgt</subfield>
    </datafield>
    <datafield tag="500" ind1=" " ind2=" ">
      <subfield code="a">Originally published, New York: Lancer, 1969.</subfield>
    </datafield>
    <datafield tag="700" ind1="1" ind2=" "><!--Her kan man finne URI og legge inn. Jeg har allerede vist mange eksempler, og gjør det derfor ikke her-->
      <subfield code="a">Carter, Lin.</subfield>
    </datafield>
    <datafield tag="700" ind1="1" ind2=" "><!--Her kan man finne URI og legge inn. Jeg har allerede vist mange eksempler, og gjør det derfor ikke her-->
      <subfield code="a">De Camp, L. Sprague</subfield>
      <subfield code="q">(Lyon Sprague),</subfield>
      <subfield code="d">1907-2000.</subfield>
    </datafield>
    <datafield tag="886" ind1="2" ind2=" ">
      <subfield code="2">blmarc</subfield>
      <subfield code="a">709</subfield>
      <subfield code="b">00</subfield>
      <subfield code="a">CARTER</subfield>
      <subfield code="h">Lin</subfield>
      <subfield code="p">H.74/505.</subfield>
      <subfield code="x">0550780157</subfield>
    </datafield>
    <datafield tag="886" ind1="2" ind2=" ">
      <subfield code="2">blmarc</subfield>
      <subfield code="a">709</subfield>
      <subfield code="b">00</subfield>
      <subfield code="a">DE CAMP</subfield>
      <subfield code="h">Lyon Sprague</subfield>
      <subfield code="p">H.74/505.</subfield>
      <subfield code="x">0785120017</subfield>
    </datafield>
    <datafield tag="852" ind1="4" ind2="1">
      <subfield code="a">British Library</subfield>
      <subfield code="b">HMNTS</subfield>
      <subfield code="j">H.74/505.</subfield>
    </datafield>
  </record>