
  <record><!--The British Library: The complete chronicles of Conan: Howard, Robert, E.: engelsk, eng: eBok-->
    <leader>01390pam a22003851i 4500</leader>
    <controlfield tag="001">017804880</controlfield>
    <controlfield tag="003">Uk</controlfield>
    <controlfield tag="005">20160612022825.0</controlfield>
    <controlfield tag="006">m    ||  d |      </controlfield>
    <controlfield tag="007">cr |||||||||||</controlfield>
    <controlfield tag="008">160331r20162006enk     o     000|j|eng|d</controlfield>
    <datafield tag="015" ind1=" " ind2=" ">
      <subfield code="a">GBB653294</subfield>
      <subfield code="2">bnb</subfield>
    </datafield>
    <datafield tag="020" ind1=" " ind2=" ">
      <subfield code="a">9781473215337 (ePub ebook) :</subfield>
      <subfield code="c">£25.00</subfield>
    </datafield>
    <datafield tag="037" ind1=" " ind2=" ">
      <subfield code="a">HachetteUK531600</subfield>
      <subfield code="b">Ingram Content Group</subfield>
    </datafield>
    <datafield tag="040" ind1=" " ind2=" ">
      <subfield code="a">StDuBDS</subfield>
      <subfield code="b">eng</subfield>
      <subfield code="c">StDuBDS</subfield>
      <subfield code="d">Uk</subfield>
      <subfield code="e">rda</subfield>
      <subfield code="e">pn</subfield>
    </datafield>
    <datafield tag="041" ind1="1" ind2=" ">
      <subfield code="a">eng</subfield>
    </datafield>
    <datafield tag="082" ind1="0" ind2="4">
      <subfield code="a">813.52</subfield>
      <subfield code="2">23</subfield>
    </datafield>
    <datafield tag="100" ind1="1" ind2=" ">
      <subfield code="a">Howard, Robert E.</subfield>
      <subfield code="d">1906-1936</subfield>
      <subfield code="e">author</subfield>
      <subfield code="q">(Robert Ervin)</subfield>
      <subfield code="4">aut</subfield>
      <subfield code="1">http://viaf.org/viaf/41841537</subfield>
    </datafield>
    <datafield tag="240" ind1="1" ind2="0">
      <subfield code="a"> The legend of conan </subfield>
      <subfield code="l">English</subfield>
    </datafield>
    <datafield tag="245" ind1="1" ind2="4">
      <subfield code="a">The complete chronicles of Conan /</subfield>
      <subfield code="c">Robert E. Howard.</subfield>
    </datafield>
    <datafield tag="250" ind1=" " ind2=" ">
      <subfield code="a">Centenary edition /</subfield>
      <subfield code="b">edited and with an afterword by Stephen Jones ; illustrated by Les
        Edwards.</subfield>
    </datafield>
    <datafield tag="264" ind1=" " ind2="1">
      <subfield code="a">London :</subfield>
      <subfield code="b">Gateway,</subfield>
      <subfield code="c">2016.</subfield>
    </datafield>
    <datafield tag="300" ind1=" " ind2=" ">
      <subfield code="a">1 online resource.</subfield>
    </datafield>
    <datafield tag="336" ind1=" " ind2=" ">
      <subfield code="a">text</subfield>
      <subfield code="1">http://www.rdaregistry.info/termList/RDAContentType/#1020</subfield>
      <subfield code="2">rdacontent</subfield>
    </datafield>
    <datafield tag="336" ind1=" " ind2=" ">
      <subfield code="a">still image</subfield>
      <subfield code="1">http://rdaregistry.info/termList/RDAContentType/1014</subfield>
      <subfield code="2">rdacontent</subfield>
    </datafield>
    <datafield tag="337" ind1=" " ind2=" ">
      <subfield code="a">computer</subfield>
      <subfield code="1">http://rdaregistry.info/termList/RDAMediaType/1003 </subfield>
      <subfield code="2">rdamedia</subfield>
    </datafield>
    <datafield tag="338" ind1=" " ind2=" ">
      <subfield code="a">online resource</subfield>
      <subfield code="1">http://rdaregistry.info/termList/RDACarrierType/1018 </subfield>
      <subfield code="2">rdacarrier</subfield>
    </datafield>
    <datafield tag="380" ind1=" " ind2=" ">
      <subfield code="a">book</subfield>
      <subfield code="1">http://id.loc.gov/vocabulary/marcgt/boo</subfield>
      <subfield code="2">marcgt</subfield>
    </datafield>
    <datafield tag="490" ind1="1" ind2=" ">
      <subfield code="a">GOLLANCZ S.F.</subfield>
    </datafield>
    <datafield tag="500" ind1=" " ind2=" ">
      <subfield code="a">Previously issued in print: London: Gollancz, 2006.</subfield>
    </datafield>
    <datafield tag="588" ind1=" " ind2=" ">
      <subfield code="a">Description based on CIP data; resource not viewed.</subfield>
    </datafield>
    <datafield tag="600" ind1="0" ind2="0">
      <subfield code="a">Conan</subfield>
      <subfield code="c">(Fictitious character)</subfield>
      <subfield code="v">Fiction.</subfield>
    </datafield>
    <datafield tag="650" ind1=" " ind2="0">
      <subfield code="a">Fantasy fiction, American.</subfield>
    </datafield>
    <datafield tag="700" ind1="1" ind2=" "><!--Her kan man finne URI og legge inn. Jeg har allerede vist mange eksempler, og gjør det derfor ikke her-->
      <subfield code="a">Jones, Stephen,</subfield>
      <subfield code="d">1953-</subfield>
      <subfield code="e">editor.</subfield>
    </datafield>
    <datafield tag="700" ind1="1" ind2=" "><!--Her kan man finne URI og legge inn. Jeg har allerede vist mange eksempler, og gjør det derfor ikke her-->
      <subfield code="a">Edwards, Les,</subfield>
      <subfield code="d">1949-</subfield>
      <subfield code="e">illustrator.</subfield>
    </datafield>
    <datafield tag="776" ind1="0" ind2="8">
      <subfield code="i">Print version :</subfield>
      <subfield code="z">9780575077669</subfield>
    </datafield>
    <datafield tag="859" ind1=" " ind2=" ">
      <subfield code="a">ELD</subfield>
      <subfield code="b">ebook</subfield>
    </datafield>
    <datafield tag="852" ind1=" " ind2=" ">
      <subfield code="a">British Library</subfield>
      <subfield code="b">HMNTS</subfield>
      <subfield code="c">DRT</subfield>
      <subfield code="j">ELD.DS.64173</subfield>
    </datafield>
  </record>