
  <!--Patricia Anne McKillip-->
  <record><!--The British Library: Kingfisher: McKillip, Patricia A.: engelsk, eng: eBok-->
    <leader>00772nam a22002655i 4500</leader>
    <controlfield tag="001">018415646</controlfield>
    <controlfield tag="003">Uk</controlfield>
    <controlfield tag="005">20190208203311.0</controlfield>
    <controlfield tag="006">m    ||  d |      </controlfield>
    <controlfield tag="007">cr |||||||||||</controlfield>
    <controlfield tag="008">170704s2017    xxk||||go    |||| ||eng  </controlfield>
    <datafield tag="020" ind1=" " ind2=" ">
      <subfield code="a">9781473222144</subfield>
      <subfield code="q">EPUB</subfield>
    </datafield>
    <datafield tag="020" ind1=" " ind2=" ">
      <subfield code="a">1473222141</subfield>
      <subfield code="q">EPUB</subfield>
    </datafield>
    <datafield tag="037" ind1=" " ind2=" ">
      <subfield code="a">HachetteUK601506</subfield>
      <subfield code="b">Ingram Content Group</subfield>
    </datafield>
    <datafield tag="040" ind1=" " ind2=" ">
      <subfield code="a">Uk</subfield>
      <subfield code="b">eng</subfield>
      <subfield code="c">Uk</subfield>
    </datafield>
    <datafield tag="041" ind1="1" ind2=" ">
      <subfield code="a">eng</subfield>
    </datafield>
    <datafield tag="100" ind1="1" ind2=" ">
      <subfield code="a">McKillip, Patricia A.,</subfield>
      <subfield code="d">1948-</subfield>
      <subfield code="e">author</subfield>
      <subfield code="q">(Patricia Anne)</subfield>
      <subfield code="4">aut</subfield>
      <subfield code="1">http://viaf.org/viaf/22195984</subfield>
    </datafield>
    <datafield tag="240" ind1="1" ind2="0">
      <subfield code="a">Kingfisher</subfield>
      <subfield code="l">English</subfield>
    </datafield>
    <datafield tag="245" ind1="1" ind2="0">
      <subfield code="a">Kingfisher /</subfield>
      <subfield code="c">Patricia A. McKillip.</subfield>
    </datafield>
    <datafield tag="264" ind1=" " ind2="1">
      <subfield code="a">London :</subfield>
      <subfield code="b">Gateway,</subfield>
      <subfield code="c">2017.</subfield>
    </datafield>
    <datafield tag="300" ind1=" " ind2=" ">
      <subfield code="a">1 online resource (352 pages).</subfield>
    </datafield>
    <datafield tag="336" ind1=" " ind2=" ">
      <subfield code="a">text</subfield>
      <subfield code="1">http://www.rdaregistry.info/termList/RDAContentType/#1020</subfield>
      <subfield code="2">rdacontent</subfield>
    </datafield>
    <datafield tag="337" ind1=" " ind2=" ">
      <subfield code="a">computer</subfield>
      <subfield code="1">http://rdaregistry.info/termList/RDAMediaType/1003 </subfield>
      <subfield code="2">rdamedia</subfield>
    </datafield>
    <datafield tag="338" ind1=" " ind2=" ">
      <subfield code="a">online resource</subfield>
      <subfield code="1">http://rdaregistry.info/termList/RDACarrierType/1018 </subfield>
      <subfield code="2">rdacarrier</subfield>
    </datafield>
    <datafield tag="380" ind1=" " ind2=" ">
      <subfield code="a">book</subfield>
      <subfield code="1">http://id.loc.gov/vocabulary/marcgt/boo</subfield>
      <subfield code="2">marcgt</subfield>
    </datafield>
    <datafield tag="859" ind1=" " ind2=" ">
      <subfield code="a">ELD</subfield>
      <subfield code="b">ebook</subfield>
    </datafield>
    <datafield tag="852" ind1=" " ind2=" ">
      <subfield code="a">British Library</subfield>
      <subfield code="b">HMNTS</subfield>
      <subfield code="c">DRT</subfield>
      <subfield code="j">ELD.DS.153568</subfield>
    </datafield>
    <datafield tag="903" ind1=" " ind2=" ">
      <subfield code="a">ELD.DS.153568</subfield>
    </datafield>
  </record>