
  <record><!--The British Library: Alphabet of Thorn: McKillip, Patricia A.: engelsk, eng: eBok-->
    <leader>00967aam a2200337 i 4500</leader>
    <controlfield tag="001">017616357</controlfield>
    <controlfield tag="003">Uk</controlfield>
    <controlfield tag="005">20181023091855.0</controlfield>
    <controlfield tag="006">m    ||  d |      </controlfield>
    <controlfield tag="007">cr |||||||||||</controlfield>
    <controlfield tag="008">151102r20152004enk||||go    |||| 1|eng  </controlfield>
    <datafield tag="015" ind1=" " ind2=" ">
      <subfield code="a">GBB8J2609</subfield>
      <subfield code="2">bnb</subfield>
    </datafield>
    <datafield tag="020" ind1=" " ind2=" ">
      <subfield code="a">9781473205536</subfield>
      <subfield code="q">EPUB</subfield>
    </datafield>
    <datafield tag="020" ind1=" " ind2=" ">
      <subfield code="a">1473205530</subfield>
      <subfield code="q">EPUB</subfield>
    </datafield>
    <datafield tag="037" ind1=" " ind2=" ">
      <subfield code="a">HachetteUK253065</subfield>
      <subfield code="b">Ingram Content Group</subfield>
    </datafield>
    <datafield tag="040" ind1=" " ind2=" ">
      <subfield code="a">Uk</subfield>
      <subfield code="b">eng</subfield>
      <subfield code="c">Uk</subfield>
      <subfield code="e">rda</subfield>
    </datafield>
    <datafield tag="041" ind1="1" ind2=" ">
      <subfield code="a">eng</subfield>
    </datafield>
    <datafield tag="042" ind1=" " ind2=" ">
      <subfield code="a">ukblcatcopy</subfield>
    </datafield>
    <datafield tag="082" ind1="0" ind2="0">
      <subfield code="a">813.54</subfield>
      <subfield code="2">22</subfield>
    </datafield>
    <datafield tag="100" ind1="1" ind2=" ">
      <subfield code="a">McKillip, Patricia A.,</subfield>
      <subfield code="d">1948-</subfield>
      <subfield code="e">author</subfield>
      <subfield code="q">(Patricia Anne)</subfield>
      <subfield code="4">aut</subfield>
      <subfield code="1">http://viaf.org/viaf/22195984</subfield>
    </datafield>
    <datafield tag="240" ind1="1" ind2="0">
      <subfield code="a">Alphabet of thorn</subfield>
      <subfield code="l">English</subfield>
      <subfield code="1">http://viaf.org/viaf/4877152200830414400004</subfield>
    </datafield>
    <datafield tag="245" ind1="1" ind2="0">
      <subfield code="a">Alphabet of thorn /</subfield>
      <subfield code="c">Patricia A. McKillip.</subfield>
    </datafield>
    <datafield tag="264" ind1=" " ind2="1">
      <subfield code="a">London :</subfield>
      <subfield code="b">Gateway,</subfield>
      <subfield code="c">2015.</subfield>
    </datafield>
    <datafield tag="264" ind1=" " ind2="4">
      <subfield code="c">©2004</subfield>
    </datafield>
    <datafield tag="300" ind1=" " ind2=" ">
      <subfield code="a">1 online resource</subfield>
    </datafield>
    <datafield tag="336" ind1=" " ind2=" ">
      <subfield code="a">text</subfield>
      <subfield code="1">http://www.rdaregistry.info/termList/RDAContentType/#1020</subfield>
      <subfield code="2">rdacontent</subfield>
    </datafield>
    <datafield tag="337" ind1=" " ind2=" ">
      <subfield code="a">computer</subfield>
      <subfield code="1">http://rdaregistry.info/termList/RDAMediaType/1003 </subfield>
      <subfield code="2">rdamedia</subfield>
    </datafield>
    <datafield tag="338" ind1=" " ind2=" ">
      <subfield code="a">online resource</subfield>
      <subfield code="1">http://rdaregistry.info/termList/RDACarrierType/1018 </subfield>
      <subfield code="2">rdacarrier</subfield>
    </datafield>
    <datafield tag="380" ind1=" " ind2=" ">
      <subfield code="a">book</subfield>
      <subfield code="1">http://id.loc.gov/vocabulary/marcgt/boo</subfield>
      <subfield code="2">marcgt</subfield>
    </datafield>
    <datafield tag="500" ind1=" " ind2=" ">
      <subfield code="a">'A Gollancz ebook'.</subfield>
    </datafield>
    <datafield tag="500" ind1=" " ind2=" ">
      <subfield code="a">Originally published in print: 2004.</subfield>
    </datafield>
    <datafield tag="859" ind1=" " ind2=" ">
      <subfield code="a">ELD</subfield>
      <subfield code="b">ebook</subfield>
    </datafield>
    <datafield tag="852" ind1=" " ind2=" ">
      <subfield code="a">British Library</subfield>
      <subfield code="b">HMNTS</subfield>
      <subfield code="c">DRT</subfield>
      <subfield code="j">ELD.DS.40732</subfield>
    </datafield>
  </record>