
  <record><!--The British Library: Song for the basilisk, The tower at Stony Wood, Od magic : McKillip, Patricia A.: engelsk, eng: eBok, samling-->
    <leader>01550pam a2200409 i 4500</leader>
    <controlfield tag="001">017159099</controlfield>
    <controlfield tag="003">Uk</controlfield>
    <controlfield tag="005">20160128140528.0</controlfield>
    <controlfield tag="006">m    ||  d |      </controlfield>
    <controlfield tag="007">cr |||||||||||</controlfield>
    <controlfield tag="008">141016s2015    enk     o     0|0 1|eng d</controlfield>
    <datafield tag="015" ind1=" " ind2=" ">
      <subfield code="a">GBB4E7454</subfield>
      <subfield code="2">bnb</subfield>
    </datafield>
    <datafield tag="020" ind1=" " ind2=" ">
      <subfield code="a">9781473205512 (ePub ebook) :</subfield>
      <subfield code="c">£18.99</subfield>
    </datafield>
    <datafield tag="020" ind1=" " ind2=" ">
      <subfield code="z">9781473205505 (pbk.) :</subfield>
      <subfield code="c">£20.00</subfield>
    </datafield>
    <datafield tag="037" ind1=" " ind2=" ">
      <subfield code="a">HachetteUK253063</subfield>
      <subfield code="b">Ingram Content Group</subfield>
    </datafield>
    <datafield tag="040" ind1=" " ind2=" ">
      <subfield code="a">StDuBDS</subfield>
      <subfield code="b">eng</subfield>
      <subfield code="c">StDuBDS</subfield>
      <subfield code="d">Uk</subfield>
      <subfield code="e">rda</subfield>
      <subfield code="e">pn</subfield>
    </datafield>
    <datafield tag="041" ind1="1" ind2=" ">
      <subfield code="a">eng</subfield>
    </datafield>
    <datafield tag="042" ind1=" " ind2=" ">
      <subfield code="a">ukblsr</subfield>
    </datafield>
    <datafield tag="082" ind1="0" ind2="4">
      <subfield code="a">813.54</subfield>
      <subfield code="2">23</subfield>
    </datafield>
    <datafield tag="100" ind1="1" ind2=" ">
      <subfield code="a">McKillip, Patricia A.,</subfield>
      <subfield code="d">1948-</subfield>
      <subfield code="e">author</subfield>
      <subfield code="q">(Patricia Anne)</subfield>
      <subfield code="4">aut</subfield>
      <subfield code="1">http://viaf.org/viaf/22195984</subfield>
    </datafield>
    <datafield tag="240" ind1="1" ind2="0">
      <subfield code="a">Novels.</subfield>
      <subfield code="k">Selections</subfield>
      <subfield code="l">English</subfield>
    </datafield>
    <datafield tag="245" ind1="1" ind2="0">
      <subfield code="a">SF gateway omnibus :</subfield>
      <subfield code="b">Song for the basilisk ; The tower at Stony Wood ; Od magic /</subfield>
      <subfield code="c">Patricia A. McKillip.</subfield>
    </datafield>
    <datafield tag="264" ind1=" " ind2="1">
      <subfield code="a">London :</subfield>
      <subfield code="b">Gateway,</subfield>
      <subfield code="c">2015.</subfield>
    </datafield>
    <datafield tag="300" ind1=" " ind2=" ">
      <subfield code="a">1 online resource</subfield>
    </datafield>
    <datafield tag="336" ind1=" " ind2=" ">
      <subfield code="a">text</subfield>
      <subfield code="1">http://www.rdaregistry.info/termList/RDAContentType/#1020</subfield>
      <subfield code="2">rdacontent</subfield>
    </datafield>
    <datafield tag="337" ind1=" " ind2=" ">
      <subfield code="a">computer</subfield>
      <subfield code="1">http://rdaregistry.info/termList/RDAMediaType/1003 </subfield>
      <subfield code="2">rdamedia</subfield>
    </datafield>
    <datafield tag="338" ind1=" " ind2=" ">
      <subfield code="a">online resource</subfield>
      <subfield code="1">http://rdaregistry.info/termList/RDACarrierType/1018 </subfield>
      <subfield code="2">rdacarrier</subfield>
    </datafield>
    <datafield tag="380" ind1=" " ind2=" ">
      <subfield code="a">book</subfield>
      <subfield code="1">http://id.loc.gov/vocabulary/marcgt/boo</subfield>
      <subfield code="2">marcgt</subfield>
    </datafield>
    <datafield tag="500" ind1=" " ind2=" ">
      <subfield code="a">Formerly CIP.</subfield>
      <subfield code="5">Uk</subfield>
    </datafield>
    <datafield tag="505" ind1="0" ind2=" ">
      <subfield code="a">Song for the basilisk. Originally published New York: Ace Books, 1998 --
        The tower at Stony Wood. Originally published New York: Ace Books, 2000 -- Od magic.
        Originally published New York: Ace Books, 2005.</subfield>
    </datafield>
    <datafield tag="650" ind1=" " ind2="0">
      <subfield code="a">Fantasy fiction, American.</subfield>
    </datafield>
    <datafield tag="655" ind1=" " ind2="0">
      <subfield code="a">Fantasy fiction.</subfield>
    </datafield>
    <datafield tag="700" ind1="1" ind2="2">
      <subfield code="a">McKillip, Patricia A.</subfield>
      <subfield code="d">1948-</subfield>
      <subfield code="l">English</subfield>
      <subfield code="q">(Patricia Anne)</subfield>
      <subfield code="t">Song of the basilisk</subfield>
      <subfield code="1">http://viaf.org/viaf/2353155286641787180001</subfield>
    </datafield>
    <datafield tag="700" ind1="1" ind2="2">
      <subfield code="a">McKillip, Patricia A.</subfield>
      <subfield code="d">1948-</subfield>
      <subfield code="l">English</subfield>
      <subfield code="q">(Patricia Anne)</subfield>
      <subfield code="t">The tower at stony wood</subfield>
      <subfield code="1">http://viaf.org/viaf/7105153063226419320009</subfield>
    </datafield>
    <datafield tag="700" ind1="1" ind2="2">
      <subfield code="a">McKillip, Patricia A.</subfield>
      <subfield code="d">1948-</subfield>
      <subfield code="l">English</subfield>
      <subfield code="q">(Patricia Anne)</subfield>
      <subfield code="t">Od magic</subfield>
      <subfield code="1">http://viaf.org/viaf/7389151051794733530000</subfield>
    </datafield>
    <datafield tag="776" ind1="0" ind2="8">
      <subfield code="i">Print version :</subfield>
      <subfield code="z">9781473205505</subfield>
    </datafield>
    <datafield tag="859" ind1=" " ind2=" ">
      <subfield code="a">ELD</subfield>
      <subfield code="b">ebook</subfield>
    </datafield>
    <datafield tag="852" ind1=" " ind2=" ">
      <subfield code="a">British Library</subfield>
      <subfield code="b">HMNTS</subfield>
      <subfield code="c">DRT</subfield>
      <subfield code="j">ELD.DS.12112</subfield>
    </datafield>
  </record>