
  <record><!--The British Library:Watership Down: Adams, Richard: engelsk, eng-->
    <leader>01064pam a2200325 i 4500</leader>
    <controlfield tag="001">016856594</controlfield>
    <controlfield tag="003">Uk</controlfield>
    <controlfield tag="005">20160129094240.0</controlfield>
    <controlfield tag="008">140714s2014    enkabf j      000 1 eng d</controlfield>
    <datafield tag="015" ind1=" " ind2=" ">
      <subfield code="a">GBB493752</subfield>
      <subfield code="2">bnb</subfield>
    </datafield>
    <datafield tag="016" ind1="7" ind2=" ">
      <subfield code="a">016856594</subfield>
      <subfield code="2">Uk</subfield>
    </datafield>
    <datafield tag="020" ind1=" " ind2=" ">
      <subfield code="a">9781780746623 (hbk.) :</subfield>
      <subfield code="c">£20.00</subfield>
    </datafield>
    <datafield tag="040" ind1=" " ind2=" ">
      <subfield code="a">StDuBDS</subfield>
      <subfield code="b">eng</subfield>
      <subfield code="c">StDuBDS</subfield>
      <subfield code="d">Uk</subfield>
      <subfield code="e">rda</subfield>
    </datafield>
    <datafield tag="041" ind1="1" ind2=" ">
      <subfield code="a">eng</subfield>
    </datafield>
    <datafield tag="042" ind1=" " ind2=" ">
      <subfield code="a">ukblcatcopy</subfield>
    </datafield>
    <datafield tag="082" ind1="0" ind2="4">
      <subfield code="a">823.914</subfield>
      <subfield code="2">23</subfield>
    </datafield>
    <datafield tag="100" ind1="1" ind2=" ">
      <subfield code="a">Adams, Richard</subfield>
      <subfield code="d">1920-2016</subfield>
      <subfield code="e">author</subfield>
      <subfield code="4">aut</subfield>
      <subfield code="1">http://viaf.org/viaf/71386171</subfield>
    </datafield>
    <datafield tag="240" ind1="1" ind2="0">
      <subfield code="a">Watership Down</subfield>
      <subfield code="l">English</subfield>
      <subfield code="1">http://viaf.org/viaf/181406204</subfield>
    </datafield>
    <datafield tag="245" ind1="1" ind2="0">
      <subfield code="a">Watership Down /</subfield>
      <subfield code="c">Richard Adams ; with illustrations by Aldo Galli.</subfield>
    </datafield>
    <datafield tag="250" ind1=" " ind2=" ">
      <subfield code="a">New edition.</subfield>
    </datafield>
    <datafield tag="264" ind1=" " ind2="1">
      <subfield code="a">Richmond :</subfield>
      <subfield code="b">Oneworld,</subfield>
      <subfield code="c">2014.</subfield>
    </datafield>
    <datafield tag="300" ind1=" " ind2=" ">
      <subfield code="a">xvi, 476 pages, 25 unnumbered leaves of plates :</subfield>
      <subfield code="b">illustrations (colour), maps ;</subfield>
      <subfield code="c">24 cm</subfield>
    </datafield>
    <datafield tag="336" ind1=" " ind2=" ">
      <subfield code="a">text</subfield>
      <subfield code="1">http://www.rdaregistry.info/termList/RDAContentType/#1020</subfield>
      <subfield code="2">rdacontent</subfield>
    </datafield>
    <datafield tag="337" ind1=" " ind2=" ">
      <subfield code="a">unmediated</subfield>
      <subfield code="1">http://rdaregistry.info/termList/RDAMediaType/1007</subfield>
      <subfield code="2">rdamedia</subfield>
    </datafield>
    <datafield tag="338" ind1=" " ind2=" ">
      <subfield code="a">volume</subfield>
      <subfield code="1"> http://www.rdaregistry.info/termList/RDACarrierType/#1049</subfield>
      <subfield code="2">rdacarrier</subfield>
    </datafield>
    <datafield tag="338" ind1=" " ind2=" ">
      <subfield code="a">volume</subfield>
      <subfield code="2">rdacarrier</subfield>
    </datafield>
    <datafield tag="380" ind1=" " ind2=" ">
      <subfield code="a">book</subfield>
      <subfield code="1">http://id.loc.gov/vocabulary/marcgt/boo</subfield>
      <subfield code="2">marcgt</subfield>
    </datafield>
    <datafield tag="500" ind1=" " ind2=" ">
      <subfield code="a">Formerly CIP.</subfield>
      <subfield code="5">Uk</subfield>
    </datafield>
    <datafield tag="650" ind1=" " ind2="0">
      <subfield code="a">Rabbits</subfield>
      <subfield code="v">Juvenile fiction.</subfield>
    </datafield>
    <datafield tag="655" ind1=" " ind2="0">
      <subfield code="a">Allegories.</subfield>
    </datafield>
    <datafield tag="655" ind1=" " ind2="0">
      <subfield code="a">Children's stories.</subfield>
    </datafield>
    <datafield tag="700" ind1="1" ind2=" ">
      <subfield code="a">Galli, Aldo,</subfield>
      <subfield code="d">1967-</subfield>
      <subfield code="e">illustrator.</subfield>
    </datafield>
    <datafield tag="852" ind1="4" ind2="1">
      <subfield code="a">British Library</subfield>
      <subfield code="b">HMNTS</subfield>
      <subfield code="j">YKL.2016.a.1376</subfield>
    </datafield>
  </record>