
  <record><!--The British Library: Tales from Watership Down: Adams, Richard: engelsk, eng-->
    <leader>00935 am a2200301ua 4500</leader>
    <controlfield tag="001">011931313</controlfield>
    <controlfield tag="005">20170101075700.0</controlfield>
    <controlfield tag="008">980223r19981996enka   j|     000 j|eng  </controlfield>
    <datafield tag="015" ind1=" " ind2=" ">
      <subfield code="a">GB97V7731</subfield>
      <subfield code="2">bnb</subfield>
    </datafield>
    <datafield tag="019" ind1="y" ind2=" ">
      <subfield code="a">b97V7731</subfield>
    </datafield>
    <datafield tag="019" ind1="9" ind2=" ">
      <subfield code="a">0140382453</subfield>
    </datafield>
    <datafield tag="019" ind1="1" ind2=" ">
      <subfield code="a">0140382453</subfield>
    </datafield>
    <datafield tag="020" ind1=" " ind2=" ">
      <subfield code="a">0140382453 (pbk) :</subfield>
      <subfield code="c">£4.99</subfield>
    </datafield>
    <datafield tag="039" ind1="0" ind2=" ">
      <subfield code="a">2480</subfield>
    </datafield>
    <datafield tag="040" ind1=" " ind2=" ">
      <subfield code="a">StDuBDS</subfield>
      <subfield code="d">Uk</subfield>
    </datafield>
    <datafield tag="041" ind1="1" ind2=" ">
      <subfield code="a">eng</subfield>
    </datafield>
    <datafield tag="082" ind1="0" ind2="4">
      <subfield code="a">823.914</subfield>
      <subfield code="2">21</subfield>
    </datafield>
    <datafield tag="100" ind1="1" ind2=" ">
      <subfield code="a">Adams, Richard</subfield>
      <subfield code="d">1920-2016</subfield>
      <subfield code="e">author</subfield>
      <subfield code="4">aut</subfield>
      <subfield code="0">http://viaf.org/viaf/71386171</subfield>
    </datafield>
    <datafield tag="240" ind1="1" ind2="0">
      <subfield code="a">Watership Down</subfield>
      <subfield code="l">English</subfield>
      <subfield code="1">http://viaf.org/viaf/181406204</subfield>
    </datafield>
    <datafield tag="245" ind1="1" ind2="0">
      <subfield code="a">Tales from Watership Down /</subfield>
      <subfield code="c">Richard Adams ; with decorations by John Lawrence.</subfield>
    </datafield>
    <datafield tag="260" ind1=" " ind2=" ">
      <subfield code="a">London :</subfield>
      <subfield code="b">Puffin,</subfield>
      <subfield code="c">1998, c1996.</subfield>
    </datafield>
    <datafield tag="300" ind1=" " ind2=" ">
      <subfield code="a">248p. :</subfield>
      <subfield code="b">ill. ;</subfield>
      <subfield code="c">18cm.</subfield>
    </datafield>
    <datafield tag="336" ind1=" " ind2=" ">
      <subfield code="a">text</subfield>
      <subfield code="1">http://www.rdaregistry.info/termList/RDAContentType/#1020</subfield>
      <subfield code="2">rdacontent</subfield>
    </datafield>
    <datafield tag="337" ind1=" " ind2=" ">
      <subfield code="a">unmediated</subfield>
      <subfield code="1">http://rdaregistry.info/termList/RDAMediaType/1007</subfield>
      <subfield code="2">rdamedia</subfield>
    </datafield>
    <datafield tag="338" ind1=" " ind2=" ">
      <subfield code="a">volume</subfield>
      <subfield code="1"> http://www.rdaregistry.info/termList/RDACarrierType/#1049</subfield>
      <subfield code="2">rdacarrier</subfield>
    </datafield>
    <datafield tag="380" ind1=" " ind2=" ">
      <subfield code="a">book</subfield>
      <subfield code="1">http://id.loc.gov/vocabulary/marcgt/boo</subfield>
      <subfield code="2">marcgt</subfield>
    </datafield>
    <datafield tag="500" ind1=" " ind2=" ">
      <subfield code="a">Originally published: London : Hutchinson, 1996.</subfield>
    </datafield>
    <datafield tag="650" ind1=" " ind2="0">
      <subfield code="a">Rabbits</subfield>
      <subfield code="x">Juvenile fiction.</subfield>
    </datafield>
    <datafield tag="650" ind1=" " ind2="0">
      <subfield code="a">Nature stories, English.</subfield>
    </datafield>
    <datafield tag="650" ind1=" " ind2="0">
      <subfield code="a">Children's stories, English.</subfield>
    </datafield>
    <datafield tag="852" ind1="4" ind2="1">
      <subfield code="a">British Library</subfield>
      <subfield code="b">HMNTS</subfield>
      <subfield code="j">H.98/408</subfield>
    </datafield>
  </record>