
  <record><!--The British Library: Fivers bad luck: Adams, Richard: engelsk, eng-->
    <leader>01134 am a2200361ua 4500</leader>
    <controlfield tag="001">010662779</controlfield>
    <controlfield tag="005">20091217015100.0</controlfield>
    <controlfield tag="008">001030s2000    enka   j|     000 1|eng  </controlfield>
    <datafield tag="015" ind1=" " ind2=" ">
      <subfield code="a">GBA0X3435</subfield>
      <subfield code="2">bnb</subfield>
    </datafield>
    <datafield tag="019" ind1="y" ind2=" ">
      <subfield code="a">bA0X3435</subfield>
    </datafield>
    <datafield tag="019" ind1="9" ind2=" ">
      <subfield code="a">009941189x</subfield>
    </datafield>
    <datafield tag="019" ind1="1" ind2=" ">
      <subfield code="a">009941189x</subfield>
    </datafield>
    <datafield tag="020" ind1=" " ind2=" ">
      <subfield code="a">009941189X (pbk.) :</subfield>
      <subfield code="c">£2.99</subfield>
    </datafield>
    <datafield tag="039" ind1="0" ind2=" ">
      <subfield code="a">2615</subfield>
    </datafield>
    <datafield tag="040" ind1=" " ind2=" ">
      <subfield code="a">StDuBDS</subfield>
      <subfield code="d">Uk</subfield>
    </datafield>
    <datafield tag="041" ind1="1" ind2=" ">
      <subfield code="a">eng</subfield>
    </datafield>
    <datafield tag="082" ind1="0" ind2="4">
      <subfield code="a">823.914</subfield>
      <subfield code="2">21</subfield>
    </datafield>
    <datafield tag="100" ind1="1" ind2=" ">
      <subfield code="a">Redmond, Diane.</subfield>
      <subfield code="e">author</subfield>
      <subfield code="4">aut</subfield>
      <subfield code="1">http://viaf.org/viaf/29703828</subfield>
    </datafield>
    <datafield tag="240" ind1="1" ind2="0">
      <subfield code="a">Watership Down</subfield>
      <subfield code="l">English</subfield>
      <subfield code="1">http://viaf.org/viaf/181406204</subfield>
    </datafield>
    <datafield tag="245" ind1="1" ind2="0">
      <subfield code="a">Fiver's bad luck /</subfield>
      <subfield code="c">Diane Redmond ; [illustrations by County Studio].</subfield>
    </datafield>
    <datafield tag="260" ind1=" " ind2=" ">
      <subfield code="a">London :</subfield>
      <subfield code="b">Red Fox,</subfield>
      <subfield code="c">c2000.</subfield>
    </datafield>
    <datafield tag="300" ind1=" " ind2=" ">
      <subfield code="a">[24] p. :</subfield>
      <subfield code="b">col. ill. ;</subfield>
      <subfield code="c">23 cm.</subfield>
    </datafield>
    <datafield tag="336" ind1=" " ind2=" ">
      <subfield code="a">text</subfield>
      <subfield code="1">http://www.rdaregistry.info/termList/RDAContentType/#1020</subfield>
      <subfield code="2">rdacontent</subfield>
    </datafield>
    <datafield tag="337" ind1=" " ind2=" ">
      <subfield code="a">unmediated</subfield>
      <subfield code="1">http://rdaregistry.info/termList/RDAMediaType/1007</subfield>
      <subfield code="2">rdamedia</subfield>
    </datafield>
    <datafield tag="338" ind1=" " ind2=" ">
      <subfield code="a">volume</subfield>
      <subfield code="1"> http://www.rdaregistry.info/termList/RDACarrierType/#1049</subfield>
      <subfield code="2">rdacarrier</subfield>
    </datafield>
    <datafield tag="380" ind1=" " ind2=" ">
      <subfield code="a">book</subfield>
      <subfield code="1">http://id.loc.gov/vocabulary/marcgt/boo</subfield>
      <subfield code="2">marcgt</subfield>
    </datafield>
    <datafield tag="490" ind1="1" ind2=" ">
      <subfield code="a">Watership Down</subfield>
    </datafield>
    <datafield tag="490" ind1="0" ind2=" ">
      <subfield code="a">An Alltime classic</subfield>
    </datafield>
    <datafield tag="500" ind1=" " ind2=" ">
      <subfield code="a">TV tie-in.</subfield>
    </datafield>
    <datafield tag="650" ind1=" " ind2="0">
      <subfield code="a">Rabbits</subfield>
      <subfield code="v">Pictorial works</subfield>
      <subfield code="v">Juvenile fiction.</subfield>
    </datafield>
    <datafield tag="655" ind1="0" ind2="7">
      <subfield code="a">Radio and television novels.</subfield>
      <subfield code="2">gsafd</subfield>
    </datafield>
    <datafield tag="655" ind1="0" ind2="7">
      <subfield code="a">Children's stories</subfield>
      <subfield code="v">Pictorial works.</subfield>
      <subfield code="2">lcsh</subfield>
    </datafield>
    <datafield tag="710" ind1="2" ind2=" ">
      <subfield code="a">County Studio.</subfield>
    </datafield>
    <datafield tag="886" ind1="2" ind2=" ">
      <subfield code="2">ukmarc</subfield>
      <subfield code="a">900</subfield>
      <subfield code="b">10</subfield>
      <subfield code="a">Redmond</subfield>
      <subfield code="h">D.</subfield>
      <subfield code="k">Diane</subfield>
      <subfield code="x">See</subfield>
      <subfield code="a">Redmond, Diane</subfield>
      <subfield code="z">100</subfield>
    </datafield>
    <datafield tag="830" ind1=" " ind2="0">
      <subfield code="a">Watership Down</subfield>
    </datafield>
    <datafield tag="852" ind1="4" ind2="1">
      <subfield code="a">British Library</subfield>
      <subfield code="b">HMNTS</subfield>
      <subfield code="j">YK.2000.a.11572</subfield>
    </datafield>
  </record>