
  <record><!--The British Library: Tales from Watership Down: Adams, Richard: engelsk, eng-->
    <leader>00806 am a2200277ua 4500</leader>
    <controlfield tag="001">010657459</controlfield>
    <controlfield tag="005">20170101075600.0</controlfield>
    <controlfield tag="008">961007s1996    enka   ||     000 1|eng  </controlfield>
    <datafield tag="015" ind1=" " ind2=" ">
      <subfield code="a">GB96X9674</subfield>
      <subfield code="2">bnb</subfield>
    </datafield>
    <datafield tag="019" ind1="y" ind2=" ">
      <subfield code="a">b96X9674</subfield>
    </datafield>
    <datafield tag="019" ind1="9" ind2=" ">
      <subfield code="a">0091801664</subfield>
    </datafield>
    <datafield tag="019" ind1="1" ind2=" ">
      <subfield code="a">0091801664</subfield>
    </datafield>
    <datafield tag="020" ind1=" " ind2=" ">
      <subfield code="a">0091801664 :</subfield>
      <subfield code="c">£14.99</subfield>
    </datafield>
    <datafield tag="039" ind1="0" ind2=" ">
      <subfield code="a">2411</subfield>
    </datafield>
    <datafield tag="040" ind1=" " ind2=" ">
      <subfield code="a">StDuBDS</subfield>
      <subfield code="d">Uk</subfield>
    </datafield>
    <datafield tag="041" ind1="1" ind2=" ">
      <subfield code="a">eng</subfield>
    </datafield>
    <datafield tag="082" ind1="0" ind2="4">
      <subfield code="a">823.914</subfield>
      <subfield code="2">20</subfield>
    </datafield>
    <datafield tag="100" ind1="1" ind2=" ">
      <subfield code="a">Adams, Richard</subfield>
      <subfield code="d">1920-2016</subfield>
      <subfield code="e">author</subfield>
      <subfield code="4">aut</subfield>
      <subfield code="1">http://viaf.org/viaf/71386171</subfield>
    </datafield>
    <datafield tag="240" ind1="1" ind2="0">
      <subfield code="a">Tales from Watership Down</subfield>
      <subfield code="l">English</subfield>
      <subfield code="1">http://viaf.org/viaf/181406204</subfield>
    </datafield>
    <datafield tag="245" ind1="1" ind2="0">
      <subfield code="a">Tales from Watership Down /</subfield>
      <subfield code="c">Richard Adams ; with decorations by John Lawrence.</subfield>
    </datafield>
    <datafield tag="260" ind1=" " ind2=" ">
      <subfield code="a">London :</subfield>
      <subfield code="b">Hutchinson,</subfield>
      <subfield code="c">c1996.</subfield>
    </datafield>
    <datafield tag="300" ind1=" " ind2=" ">
      <subfield code="a">198p. :</subfield>
      <subfield code="b">ill. ;</subfield>
      <subfield code="c">25cm.</subfield>
    </datafield>
    <datafield tag="336" ind1=" " ind2=" ">
      <subfield code="a">text</subfield>
      <subfield code="1">http://www.rdaregistry.info/termList/RDAContentType/#1020</subfield>
      <subfield code="2">rdacontent</subfield>
    </datafield>
    <datafield tag="337" ind1=" " ind2=" ">
      <subfield code="a">unmediated</subfield>
      <subfield code="1">http://rdaregistry.info/termList/RDAMediaType/1007</subfield>
      <subfield code="2">rdamedia</subfield>
    </datafield>
    <datafield tag="338" ind1=" " ind2=" ">
      <subfield code="a">volume</subfield>
      <subfield code="1"> http://www.rdaregistry.info/termList/RDACarrierType/#1049</subfield>
      <subfield code="2">rdacarrier</subfield>
    </datafield>
    <datafield tag="380" ind1=" " ind2=" ">
      <subfield code="a">book</subfield>
      <subfield code="1">http://id.loc.gov/vocabulary/marcgt/boo</subfield>
      <subfield code="2">marcgt</subfield>
    </datafield>
    <datafield tag="653" ind1="1" ind2=" ">
      <subfield code="a">English fiction</subfield>
    </datafield>
    <datafield tag="650" ind1=" " ind2="1">
      <subfield code="a">Rabbits</subfield>
      <subfield code="x">Fiction.</subfield>
    </datafield>
    <datafield tag="852" ind1="4" ind2="1">
      <subfield code="a">British Library</subfield>
      <subfield code="b">HMNTS</subfield>
      <subfield code="j">YC.1996.b.7538</subfield>
    </datafield>
  </record>