
  <!--Bergen Offentlige Bibliotek-->
  <!--Harry Potter av J. K. Rowling-->
  <record><!--Bergen Offentlige Bibliotek: Fabeldyr og hvor de er å finne: Rowling, J. K..: norsk, nob: oversatt-->
    <leader>01112nam a2200253 a 450 </leader>
    <controlfield tag="001">0180091</controlfield>
    <controlfield tag="008">010430b               j          1 nob  </controlfield>
    <datafield tag="015" ind1=" " ind2=" ">
      <subfield code="a">37024</subfield>
    </datafield>
    <datafield tag="015" ind1=" " ind2=" ">
      <subfield code="a">8449678</subfield>
    </datafield>
    <datafield tag="020" ind1=" " ind2=" ">
      <subfield code="a">82-517-8278-3 :</subfield>
      <subfield code="c">Nkr 39.00</subfield>
    </datafield>
    <datafield tag="041" ind1="1" ind2=" ">
      <subfield code="a">nob</subfield>
      <subfield code="h">eng</subfield>
    </datafield>
    <datafield tag="100" ind1=" " ind2=" ">
      <subfield code="a">Rowling, J.K.,</subfield>
      <subfield code="d">1965-,</subfield>
      <subfield code="q">(Joanne Kathleen)</subfield>
      <subfield code="4">aut</subfield>
      <subfield code="1">http://viaf.org/viaf/116796842</subfield>
    </datafield>
    <datafield tag="240" ind1="1" ind2="0">
      <subfield code="a">Fantastic beasts and where to find them</subfield>
      <subfield code="l">Norsk</subfield>
      <subfield code="1">http://viaf.org/viaf/1256145424641786830384</subfield>
    </datafield>
    <datafield tag="245" ind1="1" ind2="0">
      <subfield code="a">Fabeldyr og hvor de er ̄finne /</subfield>
      <subfield code="c">Salmander Fisle ; spesialutgave med forord av Albus Humlesnurr ; oversatt
        av Torstein Bugge Høverstad</subfield>
    </datafield>
    <datafield tag="260" ind1=" " ind2=" ">
      <subfield code="a">[Oslo] :</subfield>
      <subfield code="b">Damm,</subfield>
      <subfield code="c">2001</subfield>
    </datafield>
    <datafield tag="300" ind1=" " ind2=" ">
      <subfield code="a">42 s. :</subfield>
      <subfield code="b">ill.</subfield>
    </datafield>
    <datafield tag="336" ind1=" " ind2=" ">
      <subfield code="a">text</subfield>
      <subfield code="1">http://www.rdaregistry.info/termList/RDAContentType/#1020</subfield>
      <subfield code="2">rdacontent</subfield>
    </datafield>
    <datafield tag="337" ind1=" " ind2=" ">
      <subfield code="a">unmediated</subfield>
      <subfield code="1">http://rdaregistry.info/termList/RDAMediaType/1007</subfield>
      <subfield code="2">rdamedia</subfield>
    </datafield>
    <datafield tag="338" ind1=" " ind2=" ">
      <subfield code="a">volume</subfield>
      <subfield code="1"> http://www.rdaregistry.info/termList/RDACarrierType/#1049</subfield>
      <subfield code="2">rdacarrier</subfield>
    </datafield>
    <datafield tag="380" ind1=" " ind2=" ">
      <subfield code="a">book</subfield>
      <subfield code="1">http://id.loc.gov/vocabulary/marcgt/boo</subfield>
      <subfield code="2">marcgt</subfield>
    </datafield>
    <datafield tag="503" ind1=" " ind2=" ">
      <subfield code="a">Salmander Fisle er psevd. for J.K. Rowling</subfield>
    </datafield>
    <datafield tag="700" ind1="0" ind2=" ">
      <subfield code="a">Høverstad, Torstein Bugge,</subfield>
      <subfield code="d">1944-</subfield>
      <subfield code="1">http://viaf.org/viaf/65245833</subfield>
      <subfield code="e">translator.</subfield>
      <subfield code="4">trl</subfield>
    </datafield>
    <datafield tag="700" ind1="1" ind2=" ">
      <subfield code="a">Rowling, J. K.,</subfield>
      <subfield code="d">1965-</subfield>
      <subfield code="4">http://rdaregistry.info/Elements/w/adaptedAsNovelWork.en</subfield>
      <subfield code="i">Adapted as novel work</subfield>
      <subfield code="t">Fantastic beasts and where to find them film</subfield>
      <subfield code="1">http://viaf.org/viaf/126148207913500342156</subfield>
    </datafield>
    <datafield tag="852" ind1=" " ind2=" ">
      <subfield code="a">Bergen Off. Bibliotek</subfield>
      <subfield code="b">Fana barn</subfield>
    </datafield>
    <datafield tag="852" ind1=" " ind2=" ">
      <subfield code="a">Bergen Off. Bibliotek</subfield>
      <subfield code="b">Fana barn</subfield>
    </datafield>
    <datafield tag="852" ind1=" " ind2=" ">
      <subfield code="a">Bergen Off. Bibliotek</subfield>
      <subfield code="b">Lands̄ barn</subfield>
    </datafield>
    <datafield tag="852" ind1=" " ind2=" ">
      <subfield code="a">Bergen Off. Bibliotek</subfield>
      <subfield code="b">Lands̄ barn</subfield>
    </datafield>
    <datafield tag="852" ind1=" " ind2=" ">
      <subfield code="a">Bergen Off. Bibliotek</subfield>
      <subfield code="b">Loddefjord barn</subfield>
      <subfield code="c">fantastisk</subfield>
    </datafield>
    <datafield tag="852" ind1=" " ind2=" ">
      <subfield code="a">Bergen Off. Bibliotek</subfield>
      <subfield code="b">¿sane barn</subfield>
    </datafield>
    <datafield tag="852" ind1=" " ind2=" ">
      <subfield code="a">Bergen Off. Bibliotek</subfield>
      <subfield code="b">¿sane barn</subfield>
    </datafield>
  </record>