
  <record><!--Bergen Offentlige Bibliotek: Harry Potter and the chamber of secrets: Rowling, J. K..: engelsk, eng-->
    <leader>01669nam a2200337 a 450 </leader>
    <controlfield tag="001">0611024</controlfield>
    <controlfield tag="008">181011s2018           j          1 eng  </controlfield>
    <datafield tag="015" ind1=" " ind2=" ">
      <subfield code="a">11452233</subfield>
    </datafield>
    <datafield tag="015" ind1=" " ind2=" ">
      <subfield code="a">150290677</subfield>
    </datafield>
    <datafield tag="020" ind1=" " ind2=" ">
      <subfield code="a">978-14-08-89813-0 :</subfield>
      <subfield code="c">Nkr 199.00</subfield>
    </datafield>
    <datafield tag="040" ind1=" " ind2=" ">
      <subfield code="a">Bokbasen AS</subfield>
    </datafield>
    <datafield tag="041" ind1="1" ind2=" ">
      <subfield code="a">eng</subfield>
    </datafield>
    <datafield tag="100" ind1="1" ind2=" ">
      <subfield code="a">Rowling, J.K.,</subfield>
      <subfield code="d">1965-,</subfield>
      <subfield code="g">f</subfield>
      <subfield code="q">(Joanne Kathleen)</subfield>
      <subfield code="4">aut</subfield>
      <subfield code="1">http://viaf.org/viaf/116796842</subfield>
    </datafield>
    <datafield tag="240" ind1=" " ind2=" ">
      <subfield code="a">Harry Potter and the chamber of secrets</subfield>
      <subfield code="1">http://viaf.org/viaf/205797426</subfield>
    </datafield>
    <datafield tag="245" ind1="1" ind2="0">
      <subfield code="a">Harry Potter and the chamber of secrets /</subfield>
      <subfield code="c">J.K. Rowling ; interior illustrations by Levi Pinfold</subfield>
    </datafield>
    <datafield tag="260" ind1=" " ind2=" ">
      <subfield code="a">London :</subfield>
      <subfield code="b">Bloomsbury Children's Books,</subfield>
      <subfield code="c">2018</subfield>
    </datafield>
    <datafield tag="300" ind1=" " ind2=" ">
      <subfield code="a">371 s. :</subfield>
      <subfield code="b">ill., kart ;</subfield>
      <subfield code="c">21 cm</subfield>
    </datafield>
    <datafield tag="336" ind1=" " ind2=" ">
      <subfield code="a">text</subfield>
      <subfield code="1">http://www.rdaregistry.info/termList/RDAContentType/#1020</subfield>
      <subfield code="2">rdacontent</subfield>
    </datafield>
    <datafield tag="337" ind1=" " ind2=" ">
      <subfield code="a">unmediated</subfield>
      <subfield code="1">http://rdaregistry.info/termList/RDAMediaType/1007</subfield>
      <subfield code="2">rdamedia</subfield>
    </datafield>
    <datafield tag="338" ind1=" " ind2=" ">
      <subfield code="a">volume</subfield>
      <subfield code="1"> http://www.rdaregistry.info/termList/RDACarrierType/#1049</subfield>
      <subfield code="2">rdacarrier</subfield>
    </datafield>
    <datafield tag="380" ind1=" " ind2=" ">
      <subfield code="a">book</subfield>
      <subfield code="1">http://id.loc.gov/vocabulary/marcgt/boo</subfield>
      <subfield code="2">marcgt</subfield>
    </datafield>
    <datafield tag="500" ind1=" " ind2=" ">
      <subfield code="a">"20th anniversary edition"</subfield>
    </datafield>
    <datafield tag="500" ind1=" " ind2=" ">
      <subfield code="a">"Ravenclaw"</subfield>
    </datafield>
    <datafield tag="503" ind1=" " ind2=" ">
      <subfield code="a">1. utg.: 1998</subfield>
    </datafield>
    <datafield tag="521" ind1=" " ind2=" ">
      <subfield code="a">Passer for 12-16 r̄</subfield>
    </datafield>
    <datafield tag="655" ind1=" " ind2=" ">
      <subfield code="a">Romaner</subfield>
      <subfield code="2">Bokbasen AS</subfield>
    </datafield>
    <datafield tag="655" ind1=" " ind2=" ">
      <subfield code="a">fantastiske fortellinger</subfield>
      <subfield code="2">Bokbasen AS</subfield>
    </datafield>
    <datafield tag="700" ind1=" " ind2=" ">
      <subfield code="a">Pinfold, Levi,</subfield>
      <subfield code="e">illustr.</subfield>
      <subfield code="4">ill</subfield>
      <subfield code="1">http://viaf.org/viaf/103462796</subfield>
    </datafield>
    <datafield tag="700" ind1="1" ind2=" ">
      <subfield code="a">Rowling, J. K.,</subfield>
      <subfield code="d">1965-</subfield>
      <subfield code="4"> http://rdaregistry.info/Elements/w/precededByWork.en </subfield>
      <subfield code="i">Preceded by work</subfield>
      <subfield code="t"> Harry Potter and the philosopher's stone</subfield>
      <subfield code="1">http://viaf.org/viaf/184602629</subfield>
    </datafield>
    <datafield tag="780" ind1="0" ind2="0">
      <subfield code="t">Harry Potter and the philosopher's stone</subfield>
    </datafield>
    <datafield tag="785" ind1="0" ind2="0">
      <subfield code="t">Harry Potter and the prisoner of Azkaban</subfield>
    </datafield>
    <datafield tag="852" ind1=" " ind2=" ">
      <subfield code="a">Bergen Off. Bibliotek</subfield>
      <subfield code="b">Loddefjord ungdom</subfield>
      <subfield code="c">fabelprosa</subfield>
    </datafield>
    <datafield tag="856" ind1=" " ind2=" ">
      <subfield code="q">image/jpeg</subfield>
      <subfield code="u"
        >https://media.boknett.no/objects/77/06/150290677/productimage_ORG_e8f204bb34648e7a4919ec2dec34ab7b1d8a0880.jpg</subfield>
    </datafield>
  </record>