
  <!--Conan av Robert E. Howard-->
  <record><!--Bergen Offentlige Bibliotek: Conan the Barbarian: Howard, Robert, E.: emultiple, mul: DVD,
    <leader>01753nam a2200349 a 450 </leader>
    <controlfield tag="001">0467680</controlfield>
    <controlfield tag="008">120109b                          1 mul  </controlfield>
    <datafield tag="015" ind1=" " ind2=" ">
      <subfield code="a">5766629</subfield>
    </datafield>
    <datafield tag="020" ind1=" " ind2=" ">
      <subfield code="c">Nkr 100.00</subfield>
    </datafield>
    <datafield tag="041" ind1=" " ind2=" ">
      <subfield code="a">eng</subfield>
      <subfield code="b">nobswefindanhunicepolhrvporczehebeng</subfield>
    </datafield>
    <datafield tag="082" ind1="1" ind2="4">
      <subfield code="2">5</subfield>
    </datafield>
<datafield tag="240" ind1="1" ind2="0"> 
<subfield code="a"> The legend of conan </subfield>
<subfield code="l">English</subfield>
</datafield>
    <datafield tag="245" ind1="0" ind2="0">
      <subfield code="a">Conan the barbarian /</subfield>
      <subfield code="c">written by John Milius and Oliver Stone ; directed by John Milius</subfield>
      <subfield code="h">video</subfield>
    </datafield>
    <datafield tag="260" ind1=" " ind2=" ">
      <subfield code="a">[Oslo] :</subfield>
      <subfield code="b">SF Norge,</subfield>
      <subfield code="c">1981</subfield>
    </datafield>
    <datafield tag="300" ind1=" " ind2=" ">
      <subfield code="a">1 DVD (2 t, 5 min) :</subfield>
      <subfield code="b">lyd, kol.</subfield>
    </datafield>
<datafield tag="336" ind1=" " ind2=" ">
<subfield code="a">text</subfield>
<subfield code="1">http://www.rdaregistry.info/termList/RDAContentType/#1020</subfield>
<subfield code="2">rdacontent</subfield>
</datafield>
<datafield tag="336" ind1=" " ind2=" ">
      <subfield code="a">still image</subfield>
      <subfield code="1">http://rdaregistry.info/termList/RDAContentType/1014</subfield>
      <subfield code="2">rdacontent</subfield>
</datafield>
<datafield tag="337" ind1=" " ind2=" ">
<subfield code="a">unmediated</subfield>
<subfield code="1">http://rdaregistry.info/termList/RDAMediaType/1007</subfield>
<subfield code="2">rdamedia</subfield>
</datafield>
<datafield tag="338" ind1=" " ind2=" ">
<subfield code="a">volume</subfield>
<subfield code="1"> http://www.rdaregistry.info/termList/RDACarrierType/#1049</subfield>
<subfield code="2">rdacarrier</subfield>
</datafield>
    <datafield tag="500" ind1=" " ind2=" ">
      <subfield code="a">Basert p ̄Robert E. Howards fortellinger</subfield>
    </datafield>
    <datafield tag="500" ind1=" " ind2=" ">
      <subfield code="a">Norsk tittel: Conan barbaren</subfield>
    </datafield>
    <datafield tag="511" ind1="0" ind2=" ">
      <subfield code="a">I rollene: Arnold Schwarzenegger, James Earl Jones m.fl.</subfield>
    </datafield>
    <datafield tag="521" ind1=" " ind2=" ">
      <subfield code="a">Aldersgrense 15 r̄</subfield>
    </datafield>
    <datafield tag="655" ind1=" " ind2=" ">
      <subfield code="a">Fantastisk</subfield>
    </datafield>
<datafield tag="700" ind1="1" ind2=" ">
<subfield code="a">Howard, Robert E.</subfield>
<subfield code="d">1906-1936</subfield>
<subfield code="i">http://rdaregistry.info/Elements/w/basedOnWork.en</subfield>
<subfield code="t">Conan series</subfield>
<subfield code="1"> http://viaf.org/viaf/155146937839513832499 </subfield>
</datafield>
    <datafield tag="700" ind1=" " ind2=" ">
      <subfield code="a">Milius, John,</subfield>
      <subfield code="d">1944-,</subfield>
      <subfield code="q">John Frederick ,</subfield>
      <subfield code="e">reg.</subfield>
    </datafield>
    <datafield tag="700" ind1=" " ind2=" ">
      <subfield code="a">Schwarzenegger, Arnold,</subfield>
      <subfield code="d">1947-</subfield>
    </datafield>
    <datafield tag="700" ind1=" " ind2=" ">
      <subfield code="a">Stone, Oliver,</subfield>
      <subfield code="d">1946-</subfield>
    </datafield>
    <datafield tag="740" ind1="0" ind2=" ">
      <subfield code="a">Conan barbaren</subfield>
    </datafield>
    <datafield tag="852" ind1=" " ind2=" ">
      <subfield code="a">Bergen Off. Bibliotek</subfield>
      <subfield code="b">Hovedbiblioteket 2. etg</subfield>
    </datafield>
    <datafield tag="852" ind1=" " ind2=" ">
      <subfield code="a">Bergen Off. Bibliotek</subfield>
      <subfield code="b">¿sane voksne</subfield>
    </datafield>-->
  </record>