
  <record><!--Bergen Offentlige Bibliotek: Conan the Barbarian: Howard, Robert, E.: multiple, mul: DVD
    <leader>02200nam a2200409 a 450 </leader>
    <controlfield tag="001">0467591</controlfield>
    <controlfield tag="008">111202b                          1 mul  </controlfield>
    <datafield tag="015" ind1=" " ind2=" ">
      <subfield code="a">0274966</subfield>
    </datafield>
    <datafield tag="015" ind1=" " ind2=" ">
      <subfield code="a">5271159</subfield>
    </datafield>
    <datafield tag="020" ind1=" " ind2=" ">
      <subfield code="c">Nkr 205.00</subfield>
    </datafield>
    <datafield tag="041" ind1=" " ind2=" ">
      <subfield code="a">eng</subfield>
      <subfield code="b">nob</subfield>
      <subfield code="h">eng</subfield>
    </datafield>
    <datafield tag="082" ind1="1" ind2="4">
      <subfield code="2">5</subfield>
    </datafield>
<datafield tag="240" ind1="1" ind2="0"> 
<subfield code="a"> The legend of conan </subfield>
<subfield code="l">English</subfield>
</datafield>
    <datafield tag="245" ind1="0" ind2="0">
      <subfield code="a">Conan the barbarian /</subfield>
      <subfield code="c">written by Thomas Dean Donnelly, Joshua Oppenheimer, Sean Hood ; directed by Marcus Nispel</subfield>
      <subfield code="h">video</subfield>
    </datafield>
    <datafield tag="260" ind1=" " ind2=" ">
      <subfield code="a">[Hagan] :</subfield>
      <subfield code="b">Star Media Entertainment,</subfield>
      <subfield code="c">2011</subfield>
    </datafield>
    <datafield tag="300" ind1=" " ind2=" ">
      <subfield code="a">1 DVD (1 t, 48 min) :</subfield>
      <subfield code="b">lyd, kol.</subfield>
    </datafield>
<datafield tag="336" ind1=" " ind2=" ">
<subfield code="a">text</subfield>
<subfield code="1">http://www.rdaregistry.info/termList/RDAContentType/#1020</subfield>
<subfield code="2">rdacontent</subfield>
</datafield>
<datafield tag="336" ind1=" " ind2=" ">
      <subfield code="a">still image</subfield>
      <subfield code="1">http://rdaregistry.info/termList/RDAContentType/1014</subfield>
      <subfield code="2">rdacontent</subfield>
</datafield>
<datafield tag="337" ind1=" " ind2=" ">
<subfield code="a">unmediated</subfield>
<subfield code="1">http://rdaregistry.info/termList/RDAMediaType/1007</subfield>
<subfield code="2">rdamedia</subfield>
</datafield>
<datafield tag="338" ind1=" " ind2=" ">
<subfield code="a">volume</subfield>
<subfield code="1"> http://www.rdaregistry.info/termList/RDACarrierType/#1049</subfield>
<subfield code="2">rdacarrier</subfield>
</datafield>
    <datafield tag="500" ind1=" " ind2=" ">
      <subfield code="a">Basert p ̄Robert E. Howards fortellinger</subfield>
    </datafield>
    <datafield tag="511" ind1="0" ind2=" ">
      <subfield code="a">I rollene: Jason Momoa, Ron Perlman, Rose McGowan m.fl.</subfield>
    </datafield>
    <datafield tag="521" ind1=" " ind2=" ">
      <subfield code="a">Aldersgrense 15 r̄</subfield>
    </datafield>
    <datafield tag="655" ind1=" " ind2=" ">
      <subfield code="a">Fantastisk</subfield>
    </datafield>
    <datafield tag="700" ind1=" " ind2=" ">
      <subfield code="a">Donnelly, Thomas Dean</subfield>
    </datafield>
    <datafield tag="700" ind1=" " ind2=" ">
      <subfield code="a">Hood, Sean,</subfield>
      <subfield code="d">1966-</subfield>
    </datafield>
    <datafield tag="700" ind1=" " ind2=" ">
      <subfield code="a">Howard, Robert E.,</subfield>
      <subfield code="d">1906-1936,</subfield>
      <subfield code="q">Robert Ervin</subfield>
    </datafield>
    <datafield tag="700" ind1=" " ind2=" ">
      <subfield code="a">Momoa, Jason,</subfield>
      <subfield code="d">1979-,</subfield>
      <subfield code="q">Joseph Jason Namakaeha Momoa  </subfield>
    </datafield>
    <datafield tag="700" ind1=" " ind2=" ">
      <subfield code="a">Nispel, Marcus,</subfield>
      <subfield code="d">1963-,</subfield>
      <subfield code="e">reg.</subfield>
    </datafield>
    <datafield tag="700" ind1=" " ind2=" ">
      <subfield code="a">Oppenheimer, Joshua,</subfield>
      <subfield code="d">1974-</subfield>
    </datafield>
    <datafield tag="852" ind1=" " ind2=" ">
      <subfield code="a">Bergen Off. Bibliotek</subfield>
      <subfield code="b">Bjr̜gvin fengsel</subfield>
    </datafield>
    <datafield tag="852" ind1=" " ind2=" ">
      <subfield code="a">Bergen Off. Bibliotek</subfield>
      <subfield code="b">Hovedbiblioteket 2. etg</subfield>
    </datafield>
    <datafield tag="852" ind1=" " ind2=" ">
      <subfield code="a">Bergen Off. Bibliotek</subfield>
      <subfield code="b">Loddefjord voksne</subfield>
    </datafield>-->
  </record>