
  <record><!--Bergen Offentlige Bibliotek: Conan the Destroyer: Howard, Robert, E.: multiple, mul: DVD
    <leader>01724nam a2200349 a 450 </leader>
    <controlfield tag="001">0467679</controlfield>
    <controlfield tag="008">120109b                          1 mul  </controlfield>
    <datafield tag="015" ind1=" " ind2=" ">
      <subfield code="a">5766627</subfield>
    </datafield>
    <datafield tag="020" ind1=" " ind2=" ">
      <subfield code="c">Nkr 100.00</subfield>
    </datafield>
    <datafield tag="041" ind1=" " ind2=" ">
      <subfield code="a">eng</subfield>
      <subfield code="b">nobswefindan</subfield>
    </datafield>
    <datafield tag="082" ind1="1" ind2="4">
      <subfield code="2">5</subfield>
    </datafield>
<datafield tag="240" ind1="1" ind2="0"> 
<subfield code="a"> The legend of conan </subfield>
<subfield code="l">English</subfield>
</datafield>
    <datafield tag="245" ind1="0" ind2="0">
      <subfield code="a">Conan the destroyer /</subfield>
      <subfield code="c">screenplay by Stanley Mann ; directed by Richard Fleischer</subfield>
      <subfield code="h">video</subfield>
    </datafield>
    <datafield tag="260" ind1=" " ind2=" ">
      <subfield code="a">[Oslo] :</subfield>
      <subfield code="b">SF Norge,</subfield>
      <subfield code="c">cop. 1984</subfield>
    </datafield>
    <datafield tag="300" ind1=" " ind2=" ">
      <subfield code="a">1 DVD (1 t, 37 min) :</subfield>
      <subfield code="b">lyd, kol.</subfield>
    </datafield>
    <datafield tag="500" ind1=" " ind2=" ">
      <subfield code="a">Basert p ̄Robert E. Howards fortellinger</subfield>
    </datafield>
    <datafield tag="500" ind1=" " ind2=" ">
      <subfield code="a">Norsk tittel: Conan den uovervinnelige</subfield>
    </datafield>
    <datafield tag="511" ind1="0" ind2=" ">
      <subfield code="a">I rollene: Arnold Schwarzenegger, Grace Jones m.fl.</subfield>
    </datafield>
    <datafield tag="521" ind1=" " ind2=" ">
      <subfield code="a">Aldersgrense 15 r̄</subfield>
    </datafield>
    <datafield tag="655" ind1=" " ind2=" ">
      <subfield code="a">Fantastisk</subfield>
    </datafield>
    <datafield tag="700" ind1=" " ind2=" ">
      <subfield code="a">Fleischer, Richard,</subfield>
      <subfield code="d">1916-2006,</subfield>
      <subfield code="e">reg.</subfield>
    </datafield>
    <datafield tag="700" ind1=" " ind2=" ">
      <subfield code="a">Howard, Robert E.,</subfield>
      <subfield code="d">1906-1936,</subfield>
      <subfield code="q">Robert Ervin</subfield>
    </datafield>
    <datafield tag="700" ind1=" " ind2=" ">
      <subfield code="a">Mann, Stanley</subfield>
    </datafield>
    <datafield tag="700" ind1=" " ind2=" ">
      <subfield code="a">Schwarzenegger, Arnold,</subfield>
      <subfield code="d">1947-</subfield>
    </datafield>
    <datafield tag="740" ind1="0" ind2=" ">
      <subfield code="a">Conan den uovervinnelige</subfield>
    </datafield>
    <datafield tag="852" ind1=" " ind2=" ">
      <subfield code="a">Bergen Off. Bibliotek</subfield>
      <subfield code="b">Bjr̜gvin fengsel</subfield>
    </datafield>
    <datafield tag="852" ind1=" " ind2=" ">
      <subfield code="a">Bergen Off. Bibliotek</subfield>
      <subfield code="b">Fana voksne</subfield>
    </datafield>-->
  </record>