
  <!--Patricia Anne McKillip-->
  <record><!--Bergen Offentlige Bibliotek: Riddle-master: McKillip, Patricia A.: engelsk, eng-->
    <leader>01183nam a2200277 a 450 </leader>
    <controlfield tag="001">0158537</controlfield>
    <controlfield tag="008">000306b                       0  1 eng  </controlfield>
    <datafield tag="015" ind1=" " ind2=" ">
      <subfield code="a">1404874</subfield>
    </datafield>
    <datafield tag="020" ind1=" " ind2=" ">
      <subfield code="a">0441005969</subfield>
    </datafield>
    <datafield tag="020" ind1=" " ind2=" ">
      <subfield code="a"/>
    </datafield>
    <datafield tag="020" ind1=" " ind2=" ">
      <subfield code="c">Nkr 129.00</subfield>
    </datafield>
    <datafield tag="041" ind1="1" ind2=" ">
      <subfield code="a">eng</subfield>
    </datafield>
    <datafield tag="100" ind1="1" ind2=" ">
      <subfield code="a">McKillip, Patricia A.,</subfield>
      <subfield code="d">1948-</subfield>
      <subfield code="e">author</subfield>
      <subfield code="q">(Patricia Anne)</subfield>
      <subfield code="4">aut</subfield>
      <subfield code="1">http://viaf.org/viaf/22195984</subfield>
    </datafield>
    <datafield tag="240" ind1="1" ind2="0">
      <subfield code="a">Riddle-Master: The Complete Trilogy</subfield>
      <subfield code="l">Engelsk</subfield>
    </datafield>
    <datafield tag="245" ind1="1" ind2="0">
      <subfield code="a">Riddle-master :</subfield>
      <subfield code="b">the complete trilogy /</subfield>
      <subfield code="c">Patricia A. McKillip</subfield>
    </datafield>
    <datafield tag="260" ind1=" " ind2=" ">
      <subfield code="a">New York :</subfield>
      <subfield code="b">Ace Books,</subfield>
      <subfield code="c">1999</subfield>
    </datafield>
    <datafield tag="300" ind1=" " ind2=" ">
      <subfield code="a">VI, 578 s. :</subfield>
      <subfield code="b">kart</subfield>
    </datafield>
    <datafield tag="336" ind1=" " ind2=" ">
      <subfield code="a">text</subfield>
      <subfield code="1">http://www.rdaregistry.info/termList/RDAContentType/#1020</subfield>
      <subfield code="2">rdacontent</subfield>
    </datafield>
    <datafield tag="337" ind1=" " ind2=" ">
      <subfield code="a">unmediated</subfield>
      <subfield code="1">http://rdaregistry.info/termList/RDAMediaType/1007</subfield>
      <subfield code="2">rdamedia</subfield>
    </datafield>
    <datafield tag="338" ind1=" " ind2=" ">
      <subfield code="a">volume</subfield>
      <subfield code="1"> http://www.rdaregistry.info/termList/RDACarrierType/#1049</subfield>
      <subfield code="2">rdacarrier</subfield>
    </datafield>
    <datafield tag="380" ind1=" " ind2=" ">
      <subfield code="a">book</subfield>
      <subfield code="1">http://id.loc.gov/vocabulary/marcgt/boo</subfield>
      <subfield code="2">marcgt</subfield>
    </datafield>
    <datafield tag="440" ind1=" " ind2="0">
      <subfield code="a">The riddle-master trilogy</subfield>
    </datafield>
    <datafield tag="503" ind1=" " ind2=" ">
      <subfield code="a">1. utg.: 1976, 1977 og 1979</subfield>
    </datafield>
    <datafield tag="505" ind1="1" ind2=" ">
      <subfield code="a">Innhold: The riddle master of Hed ; Heir of sea and fire ; Harpist in the
        wind</subfield>
    </datafield>
    <datafield tag="700" ind1="1" ind2="2">
      <subfield code="a">McKillip, Patricia A.</subfield>
      <subfield code="d">1948-</subfield>
      <subfield code="l">Engelsk</subfield>
      <subfield code="q">(Patricia Anne)</subfield>
      <subfield code="t">The riddle-master of Hed</subfield>
      <subfield code="1">http://viaf.org/viaf/195831341</subfield>
    </datafield>
    <datafield tag="700" ind1="1" ind2="2">
      <subfield code="a">McKillip, Patricia A.</subfield>
      <subfield code="d">1948-</subfield>
      <subfield code="l">Engelsk</subfield>
      <subfield code="q">(Patricia Anne)</subfield>
      <subfield code="t">Heir of sea and fire</subfield>
      <subfield code="1">http://viaf.org/viaf/202963178</subfield>
    </datafield>
    <datafield tag="700" ind1="1" ind2="2">
      <subfield code="a">McKillip, Patricia A.</subfield>
      <subfield code="d">1948-</subfield>
      <subfield code="l">Engelsk</subfield>
      <subfield code="q">(Patricia Anne)</subfield>
      <subfield code="t">Harpist in the wind</subfield>
      <subfield code="1">http://viaf.org/viaf/215948328</subfield>
    </datafield>
    <datafield tag="740" ind1="0" ind2=" ">
      <subfield code="a">Harpist in the wind</subfield>
    </datafield>
    <datafield tag="740" ind1="0" ind2=" ">
      <subfield code="a">Heir of sea and fire</subfield>
    </datafield>
    <datafield tag="740" ind1="4" ind2=" ">
      <subfield code="a">The riddle master of Hed</subfield>
    </datafield>
    <datafield tag="740" ind1="4" ind2=" ">
      <subfield code="a">The riddle-master trilogy</subfield>
    </datafield>
    <datafield tag="852" ind1=" " ind2=" ">
      <subfield code="a">Bergen Off. Bibliotek</subfield>
      <subfield code="b">Hovedbiblioteket 2. etg</subfield>
      <subfield code="c">fantasy</subfield>
    </datafield>
  </record>