
  <record><!--Akershus Fylkesbibliotek: Grindelwalds forbrytelser: Rowling, J. K.: norsk, nob: oversatt: filmmanuskript-->
    <leader>03312nam a2200421 a 450 </leader>
    <controlfield tag="001">0806770</controlfield>
    <controlfield tag="008">      b               j          1 nob  </controlfield>
    <datafield tag="015" ind1=" " ind2=" ">
      <subfield code="a">0555138</subfield>
    </datafield>
    <datafield tag="015" ind1=" " ind2=" ">
      <subfield code="a">11875439</subfield>
    </datafield>
    <datafield tag="020" ind1=" " ind2=" ">
      <subfield code="a">978-82-02-61718-9 :</subfield>
      <subfield code="c">Nkr 299.00</subfield>
    </datafield>
    <datafield tag="041" ind1="1" ind2=" ">
      <subfield code="a">nob</subfield>
      <subfield code="h">eng</subfield>
    </datafield>
    <datafield tag="100" ind1=" " ind2=" ">
      <subfield code="a">Rowling, J.K.,</subfield>
      <subfield code="d">1965-</subfield>
      <subfield code="q">(Joanne Kathleen)</subfield>
      <subfield code="4">aut</subfield>
      <subfield code="1">http://viaf.org/viaf/116796842</subfield>
    </datafield>
    <datafield tag="240" ind1=" " ind2=" ">
      <subfield code="a">Fantastic beasts the crimes of Grindelwald</subfield>
      <subfield code="l">Norsk</subfield>
      <subfield code="1">http://viaf.org/viaf/4038154983541967860005</subfield>
    </datafield>
    <datafield tag="245" ind1="1" ind2="0">
      <subfield code="a">Grindelwalds forbrytelser :</subfield>
      <subfield code="b">det opprinnelige filmmanuskriptet /</subfield>
      <subfield code="c">J.K. Rowling ; omslag og bokdesign av Minalima ; oversatt av Torstein Bugge
        Høverstad</subfield>
    </datafield>
    <datafield tag="260" ind1=" " ind2=" ">
      <subfield code="a">Oslo :</subfield>
      <subfield code="b">Cappelen Damm,</subfield>
      <subfield code="c">2019</subfield>
    </datafield>
    <datafield tag="300" ind1=" " ind2=" ">
      <subfield code="a">287 s. :</subfield>
      <subfield code="b">ill.</subfield>
    </datafield>
    <datafield tag="336" ind1=" " ind2=" ">
      <subfield code="a">text</subfield>
      <subfield code="1">http://www.rdaregistry.info/termList/RDAContentType/#1020</subfield>
      <subfield code="2">rdacontent</subfield>
    </datafield>
    <datafield tag="337" ind1=" " ind2=" ">
      <subfield code="a">unmediated</subfield>
      <subfield code="1">http://rdaregistry.info/termList/RDAMediaType/1007</subfield>
      <subfield code="2">rdamedia</subfield>
    </datafield>
    <datafield tag="338" ind1=" " ind2=" ">
      <subfield code="a">volume</subfield>
      <subfield code="1"> http://www.rdaregistry.info/termList/RDACarrierType/#1049</subfield>
      <subfield code="2">rdacarrier</subfield>
    </datafield>
    <datafield tag="380" ind1=" " ind2=" ">
      <subfield code="a">book</subfield>
      <subfield code="1">http://id.loc.gov/vocabulary/marcgt/boo</subfield>
      <subfield code="2">marcgt</subfield>
    </datafield>
    <datafield tag="440" ind1=" " ind2="0">
      <subfield code="a">Fabeldyr ;</subfield>
      <subfield code="v">2</subfield>
    </datafield>
    <datafield tag="520" ind1=" " ind2=" ">
      <subfield code="a">Den mektige svarte trollmannen Gellert Grindelwald ble avslr̜t og fanget i
        New York takket vr̆e Salamander Fisles hjelp. Men Grindelwald gjør̜ alvor av sin trussel,
        han har en mr̜k plan om ̄danne en hr̆ med fullblodsmagikere som skal herske over alle
        ikke-magiske vesener. I et forsk̜ p ̄ ̄d̜elegge Grindelwalds planer kontakter Albus
        Humlesnurr Salamander, som er uvitende om farene som venter p ̄han. I en stadig mer splittet
        trollmansverden vil kjr̆lighet og lojalitet bli satt p ̄prv̜e, selv blant nr̆e venner og
        familie. Historien i denne fortellingen utspiller seg i 1927, bare noen mn̄eder etter
        begivenhetene i 'Fabeldyr og hvor de er ̄finne'. Handlingen flyttes fra New York til London,
        Paris og helt tilbake til Galtvort i en historie om magi og mysterier og et nytt og
        spennende kapittel om trollmannsverdenen. 'Grindelwalds forbrytelser' er basert p ̄filmen
        med samme navn. Fantasy for mellom-/ungdomstrinnet. Omtalen er utarbeidet av BS.</subfield>
    </datafield>
    <datafield tag="521" ind1=" " ind2=" ">
      <subfield code="a">Alder: 9-16 r̄</subfield>
    </datafield>
    <datafield tag="534" ind1=" " ind2=" ">
      <subfield code="a">Originaltittel: Fantastic beasts : the crimes of Grindelwaldthe : an
        original screenplay</subfield>
    </datafield>
    <datafield tag="650" ind1="2" ind2="4">
      <subfield code="a">Fabeldyr</subfield>
      <subfield code="2">BS</subfield>
    </datafield>
    <datafield tag="650" ind1="2" ind2="4">
      <subfield code="a">Trolldom</subfield>
      <subfield code="2">BS</subfield>
    </datafield>
    <datafield tag="655" ind1=" " ind2=" ">
      <subfield code="a">Fantastisk</subfield>
      <subfield code="2">BS</subfield>
    </datafield>
    <datafield tag="655" ind1=" " ind2=" ">
      <subfield code="a">Skodespel</subfield>
      <subfield code="2">BS</subfield>
    </datafield>
    <datafield tag="655" ind1=" " ind2=" ">
      <subfield code="a">Skuespill</subfield>
      <subfield code="2">BS</subfield>
    </datafield>
    <datafield tag="700" ind1="0" ind2=" ">
      <subfield code="a">Høverstad, Torstein Bugge,</subfield>
      <subfield code="d">1944-</subfield>
      <subfield code="1">http://viaf.org/viaf/65245833</subfield>
      <subfield code="e">translator.</subfield>
      <subfield code="4">trl</subfield>
    </datafield>
    <datafield tag="700" ind1="1" ind2=" ">
      <subfield code="a">Rowling, J. K.,</subfield>
      <subfield code="d">1965-</subfield>
      <subfield code="4">http://rdaregistry.info/Elements/w/adaptedAsNovelWork.en</subfield>
      <subfield code="i">Adapted as novel work</subfield>
      <subfield code="t">Fantastic beasts the crimes of grindelwald</subfield>
      <subfield code="1">http://viaf.org/viaf/38154440151635342000</subfield>
    </datafield>
    <datafield tag="700" ind1="1" ind2=" ">
      <subfield code="a">Rowling, J. K.,</subfield>
      <subfield code="d">1965-</subfield>
      <subfield code="4"> http://rdaregistry.info/Elements/w/precededByWork.en </subfield>
      <subfield code="i">Preceded by work</subfield>
      <subfield code="t"> Fabeldyr og hvor de er ̄finne </subfield>
      <subfield code="1">http://viaf.org/viaf/4502148037707888350007</subfield>
    </datafield>
    <datafield tag="780" ind1="0" ind2="0">
      <subfield code="t">Fabeldyr og hvor de er ̄finne</subfield>
    </datafield>
    <datafield tag="852" ind1=" " ind2=" ">
      <subfield code="a">Fylkesbiblioteket i Akershus</subfield>
      <subfield code="b">Fyb. i Akershus Barn</subfield>
    </datafield>
  </record>