
  <record><!--Akershus Fylkesbibliotek: Harry Potter og barnets forbannelse: Rowling, J. K.: norsk, nob: oversatt: skuespill-->
    <leader>02498nam a2200373 a 450 </leader>
    <controlfield tag="001">0738656</controlfield>
    <controlfield tag="008">161101b               j          1 nob  </controlfield>
    <datafield tag="015" ind1=" " ind2=" ">
      <subfield code="a">0497023</subfield>
    </datafield>
    <datafield tag="015" ind1=" " ind2=" ">
      <subfield code="a">10604604</subfield>
    </datafield>
    <datafield tag="020" ind1=" " ind2=" ">
      <subfield code="a">978-82-02-52546-0</subfield>
    </datafield>
    <datafield tag="041" ind1="1" ind2=" ">
      <subfield code="a">nob</subfield>
      <subfield code="h">eng</subfield>
    </datafield>
    <datafield tag="082" ind1="1" ind2="4">
      <subfield code="2">5</subfield>
    </datafield>
    <datafield tag="100" ind1=" " ind2=" ">
      <subfield code="a">Rowling, J.K.,</subfield>
      <subfield code="d">1965-</subfield>
      <subfield code="q">(Joanne Kathleen)</subfield>
      <subfield code="4">aut</subfield>
      <subfield code="1">http://viaf.org/viaf/116796842</subfield>
    </datafield>
    <datafield tag="240" ind1=" " ind2=" ">
      <subfield code="a">Harry Potter and the cursed child</subfield>
      <subfield code="l">Norsk</subfield>
    </datafield>
    <datafield tag="245" ind1="1" ind2="0">
      <subfield code="a">Harry Potter og barnets forbannelse /</subfield>
      <subfield code="c">[basert på en original ny historie av J.K. Rowling, John Tiffany og Jack
        Thorne ; et nytt skuespill av Jack Thorne] ; oversatt av Torstein Bugge Høverstad</subfield>
      <subfield code="n">Del ň og to</subfield>
    </datafield>
    <datafield tag="260" ind1=" " ind2=" ">
      <subfield code="a">[Oslo] :</subfield>
      <subfield code="b">Cappelen Damm,</subfield>
      <subfield code="c">2016</subfield>
    </datafield>
    <datafield tag="300" ind1=" " ind2=" ">
      <subfield code="a">343 s.</subfield>
    </datafield>
    <datafield tag="336" ind1=" " ind2=" ">
      <subfield code="a">text</subfield>
      <subfield code="1">http://www.rdaregistry.info/termList/RDAContentType/#1020</subfield>
      <subfield code="2">rdacontent</subfield>
    </datafield>
    <datafield tag="337" ind1=" " ind2=" ">
      <subfield code="a">unmediated</subfield>
      <subfield code="1">http://rdaregistry.info/termList/RDAMediaType/1007</subfield>
      <subfield code="2">rdamedia</subfield>
    </datafield>
    <datafield tag="338" ind1=" " ind2=" ">
      <subfield code="a">volume</subfield>
      <subfield code="1"> http://www.rdaregistry.info/termList/RDACarrierType/#1049</subfield>
      <subfield code="2">rdacarrier</subfield>
    </datafield>
    <datafield tag="380" ind1=" " ind2=" ">
      <subfield code="a">book</subfield>
      <subfield code="1">http://id.loc.gov/vocabulary/marcgt/boo</subfield>
      <subfield code="2">marcgt</subfield>
    </datafield>
    <datafield tag="440" ind1=" " ind2="0">
      <subfield code="a">Harry Potter ;</subfield>
      <subfield code="v">8</subfield>
    </datafield>
    <datafield tag="520" ind1=" " ind2=" ">
      <subfield code="a">Det har alltid vr̆t vanskelig ̄vr̆e Harry Potter, og det er ikke blitt
        lettere n ̄som han er en overarbeidet ansatt i Magidepartementet, ektemann, og far til tre
        barn i skolealder. Mens Harry strever med en fortid som nekter ̄bli der den hr̜er hjemme, m
        ̄hans yngste sn̜n Albus hanskes med vekten av en familiearv han aldri har bedt om. Mens
        hendelser og minner fra fr̜ og n ̄fletter seg sammen, m ̄far og sn̜n konfrontere en
        ubehagelig sannhet. Noen ganger kommer mr̜ket fra uventede steder. Boka er basert p
        ̄teatermanuset til skuespillet i to deler som settes opp i London 2016. Stykket er nyskrevet
        og regnes som den t̄tende boka om Harry Potter. Fortelling/skuespill for
        mellom-/ungdomstrinnet. Omtalen er utarbeidet av BS.</subfield>
    </datafield>
    <datafield tag="521" ind1=" " ind2=" ">
      <subfield code="a">Alder: 9-16 r̄</subfield>
    </datafield>
    <datafield tag="534" ind1=" " ind2=" ">
      <subfield code="a">Originaltittel: Harry Potter and the cursed child</subfield>
    </datafield>
    <datafield tag="650" ind1="2" ind2="4">
      <subfield code="a">Trolldom</subfield>
      <subfield code="2">BS</subfield>
    </datafield>
    <datafield tag="655" ind1=" " ind2=" ">
      <subfield code="a">Fantastisk</subfield>
      <subfield code="2">BS</subfield>
    </datafield>
    <datafield tag="655" ind1=" " ind2=" ">
      <subfield code="a">Skuespill</subfield>
      <subfield code="2">BS</subfield>
    </datafield>
    <datafield tag="700" ind1="0" ind2=" ">
      <subfield code="a">Høverstad, Torstein Bugge,</subfield>
      <subfield code="d">1944-</subfield>
      <subfield code="1">http://viaf.org/viaf/65245833</subfield>
      <subfield code="e">translator.</subfield>
      <subfield code="4">trl</subfield>
    </datafield>
    <datafield tag="700" ind1="1" ind2=" ">
      <subfield code="a">Rowling, J. K.,</subfield>
      <subfield code="d">1965-</subfield>
      <subfield code="4">http://rdaregistry.info/Elements/w/adaptedAsNovelWork.en</subfield>
      <subfield code="i">Adapted as novel work</subfield>
      <subfield code="t">Harry Potter and the cursed child</subfield>
      <subfield code="1">http://viaf.org/viaf/4540152381779201950009</subfield>
    </datafield>
    <datafield tag="700" ind1=" " ind2=" ">
      <!-- her kan man søke opp URI til medforfatterne og legge dem til, har ikke gjort det pga. tid-->
      <subfield code="a">Thorne, Jack,</subfield>
      <subfield code="d">1978-,</subfield>
      <subfield code="e">medforf.</subfield>
      <subfield code="4">aut</subfield>
    </datafield>
    <datafield tag="700" ind1=" " ind2=" "><!-- her kan man søke opp URI til medforfatterne og legge dem til, har ikke gjort det pga. tid-->
      <subfield code="a">Tiffany, John,</subfield>
      <subfield code="e">medforf.</subfield>
      <subfield code="4">aut</subfield>
    </datafield>
    <datafield tag="780" ind1="0" ind2="0">
      <subfield code="t">Harry Potter og dd̜stalismanene</subfield>
      <subfield code="w">740106</subfield>
    </datafield>
    <datafield tag="852" ind1=" " ind2=" ">
      <subfield code="a">Fylkesbiblioteket i Akershus</subfield>
      <subfield code="b">Fyb. i Akershus Barn</subfield>
      <subfield code="c">Fantasy</subfield>
    </datafield>
    <datafield tag="852" ind1=" " ind2=" ">
      <subfield code="a">Fylkesbiblioteket i Akershus</subfield>
      <subfield code="b">Fyb. i Akershus Barn</subfield>
      <subfield code="c">Fantasy</subfield>
    </datafield>
  </record>