
  <!--Watership Down av Richard Adams-->
  <record><!--Akershus Fylkesbibliotek: Flukten til Watership: Adams, Richard: multiple, mul: DVD
    <leader>01777nam a2200277 a 450 </leader>
    <controlfield tag="001">0335649</controlfield>
    <controlfield tag="008">060206b               j          1 mul  </controlfield>
    <datafield tag="015" ind1=" " ind2=" ">
      <subfield code="a">0163254</subfield>
    </datafield>
    <datafield tag="015" ind1=" " ind2=" ">
      <subfield code="a">1537214</subfield>
    </datafield>
    <datafield tag="041" ind1=" " ind2=" ">
      <subfield code="a">eng</subfield>
      <subfield code="b">nobdanswe</subfield>
    </datafield>
    <datafield tag="245" ind1="0" ind2="0">
      <subfield code="a">Flukten til Watership /</subfield>
      <subfield code="c">written and directed by Martin Rosen</subfield>
      <subfield code="h">dvd</subfield>
    </datafield>
    <datafield tag="260" ind1=" " ind2=" ">
      <subfield code="a">[Oslo] :</subfield>
      <subfield code="b">Star Media Entertainment,</subfield>
      <subfield code="c">[2006]</subfield>
    </datafield>
    <datafield tag="300" ind1=" " ind2=" ">
      <subfield code="a">1 DVD (1 t, 28 min) :</subfield>
      <subfield code="b">lyd, kol.</subfield>
    </datafield>
    <datafield tag="500" ind1=" " ind2=" ">
      <subfield code="a">Basert p:̄ Flukten til Watership / Richard Adams</subfield>
    </datafield>
    <datafield tag="500" ind1=" " ind2=" ">
      <subfield code="a">Over tittelen: Richard Adams'</subfield>
    </datafield>
    <datafield tag="503" ind1=" " ind2=" ">
      <subfield code="a">Filmen laget: 1978</subfield>
    </datafield>
    <datafield tag="520" ind1=" " ind2=" ">
      <subfield code="a">Watership Down er et kaninsamfunn, hvor man ogs ̄finner hele spekteret av menneskelige egenskaper. Her opplever man ogs ̄ondskapsfulle kaniner. Det hele starter med at den profetiske kaninen Femmer fr̄ et forvarsel om at deres koloni vil bli rasert av et byggefirma. Sammen med flere trosfeller forlater han kaninkolonien, og utbryterne legger ut p ̄en lang ferd som rommer utallige farer og vanskeligheter, fr̜ de kan grunnlegge en ny og bedre koloni, Watership Down. De mangler imidlertid hunnkaniner for  ̄fr̜e slekten videre og blir nd̜t til  ̄smugle dem ut fra et land, som styres av en ond diktatorkanin.</subfield>
    </datafield>
    <datafield tag="521" ind1=" " ind2=" ">
      <subfield code="a">Aldersgrense fra 7 r̄</subfield>
    </datafield>
    <datafield tag="534" ind1=" " ind2=" ">
      <subfield code="a">Engelsk tittel: Watership down</subfield>
    </datafield>
    <datafield tag="655" ind1=" " ind2=" ">
      <subfield code="a">Filmatisert bok</subfield>
    </datafield>
    <datafield tag="700" ind1=" " ind2=" ">
      <subfield code="a">Adams, Richard,</subfield>
      <subfield code="d">1920-,</subfield>
      <subfield code="t">Flukten til Watership,</subfield>
      <subfield code="e">forf.</subfield>
    </datafield>
    <datafield tag="700" ind1=" " ind2=" ">
      <subfield code="a">Rosen, Martin,</subfield>
      <subfield code="e">regissr̜</subfield>
    </datafield>
    <datafield tag="852" ind1=" " ind2=" ">
      <subfield code="a">Fylkesbiblioteket i Akershus</subfield>
      <subfield code="b">Fyb. i Akershus Barn</subfield>
      <subfield code="c">DVD</subfield>
    </datafield>-->
  </record>