
  <record><!--Akershus Fylkesbibliotek: Flukten til Watership: Adams, Richard: norsk, nob: oversatt-->
    <leader>00547nam a2200145 a 450 </leader>
    <controlfield tag="001">0020061</controlfield>
    <controlfield tag="008">881012b                          1 nob  </controlfield>
    <datafield tag="015" ind1=" " ind2=" ">
      <subfield code="a">3049</subfield>
    </datafield>
    <datafield tag="020" ind1=" " ind2=" ">
      <subfield code="a">82-09-01605-9 :</subfield>
      <subfield code="c">NOK 78.00</subfield>
    </datafield>
    <datafield tag="041" ind1="1" ind2=" ">
      <subfield code="a">nob</subfield>
      <subfield code="h">eng</subfield>
    </datafield>
    <datafield tag="100" ind1="1" ind2=" ">
      <subfield code="a">Adams, Richard</subfield>
      <subfield code="d">1920-2016</subfield>
      <subfield code="e">author</subfield>
      <subfield code="4">aut</subfield>
      <subfield code="1">http://viaf.org/viaf/71386171</subfield>
    </datafield>
    <datafield tag="240" ind1="1" ind2="0">
      <subfield code="a">Watership Down</subfield>
      <subfield code="l">Norsk</subfield>
    </datafield>
    <datafield tag="245" ind1=" " ind2=" ">
      <subfield code="a">Flukten til Watership /</subfield>
      <subfield code="c">Richard Adams ; illustrert av John Lawrence ; oversatt av Ellinor Prydz og
        Eric Cameron Haug</subfield>
    </datafield>
    <datafield tag="336" ind1=" " ind2=" ">
      <subfield code="a">text</subfield>
      <subfield code="1">http://www.rdaregistry.info/termList/RDAContentType/#1020</subfield>
      <subfield code="2">rdacontent</subfield>
    </datafield>
    <datafield tag="337" ind1=" " ind2=" ">
      <subfield code="a">unmediated</subfield>
      <subfield code="1">http://rdaregistry.info/termList/RDAMediaType/1007</subfield>
      <subfield code="2">rdamedia</subfield>
    </datafield>
    <datafield tag="338" ind1=" " ind2=" ">
      <subfield code="a">volume</subfield>
      <subfield code="1"> http://www.rdaregistry.info/termList/RDACarrierType/#1049</subfield>
      <subfield code="2">rdacarrier</subfield>
    </datafield>
    <datafield tag="380" ind1=" " ind2=" ">
      <subfield code="a">book</subfield>
      <subfield code="1">http://id.loc.gov/vocabulary/marcgt/boo</subfield>
      <subfield code="2">marcgt</subfield>
    </datafield>
    <datafield tag="700" ind1=" " ind2=" ">
      <subfield code="a">Lawrence, John</subfield>
      <subfield code="4">ill</subfield>
    </datafield>
    <datafield tag="700" ind1="0" ind2=" ">
      <subfield code="a">Prydz, Ellinor </subfield>
      <subfield code="1">http://viaf.org/viaf/92149066667065602647</subfield>
      <subfield code="4">trl</subfield>
    </datafield>
    <datafield tag="700" ind1="0" ind2=" ">
      <subfield code="a">Haug, Eric Cameron </subfield>
      <subfield code="1">http://viaf.org/viaf/1149066596665602046</subfield>
      <subfield code="4">trl</subfield>
    </datafield>
    <datafield tag="852" ind1=" " ind2=" ">
      <subfield code="a">Fylkesbiblioteket i Akershus</subfield>
      <subfield code="b">Fyb. i Akershus Voksne</subfield>
    </datafield>
  </record>