
  <!-- C.S Lewis -->
  <record>
    <!--Caspian, prins av Narnia Lewis, C. S, Swe Svenske samlekatalogen-->
    <leader>01047cam a22002898i 4500</leader>
    <controlfield tag="001">ktpfhl5nhd7kcp9w</controlfield>
    <controlfield tag="003">LIBRIS</controlfield>
    <controlfield tag="005">20180903080139.0</controlfield>
    <controlfield tag="008">180903s2005    sw ||||j||||||000 1|swe|d</controlfield>
    <datafield tag="020" ind1=" " ind2=" ">
      <subfield code="a">9789162274726</subfield>
      <subfield code="q">hf̃tad</subfield>
    </datafield>
    <datafield tag="035" ind1=" " ind2=" ">
      <subfield code="a">(BOKR)9789162274726</subfield>
    </datafield>
    <datafield tag="040" ind1=" " ind2=" ">
      <subfield code="a">BOKR</subfield>
    </datafield>
    <datafield tag="041" ind1="1" ind2=" ">
      <subfield code="a">swe</subfield>
      <subfield code="h">eng</subfield>
    </datafield>
    <datafield tag="100" ind1="1" ind2=" ">
      <subfield code="a">Lewis, C S</subfield>
      <subfield code="d">1898-1963.</subfield>
      <subfield code="q">(Clive Staples)</subfield>
      <subfield code="4">aut</subfield>
      <subfield code="1">http://viaf.org/viaf/22144877</subfield>
    </datafield>
    <datafield tag="240" ind1="1" ind2="0">
      <subfield code="a"> Prince Caspian </subfield>
      <subfield code="l">Svenska</subfield>
      <subfield code="1">http://viaf.org/viaf/184257942</subfield>
    </datafield>
    <datafield tag="245" ind1="1" ind2="0">
      <subfield code="a">Caspian, prins av Narnia</subfield>
      <subfield code="c"> Lewis, C S ; translated from the english by Birgitta Hammar.</subfield>
    </datafield>
    <datafield tag="263" ind1=" " ind2=" ">
      <subfield code="a">200510</subfield>
    </datafield>
    <datafield tag="264" ind1=" " ind2="1">
      <subfield code="b">Bonnier Utbildning,</subfield>
      <subfield code="c">2005</subfield>
    </datafield>
    <datafield tag="300" ind1=" " ind2=" ">
      <subfield code="a">208 sidor</subfield>
    </datafield>
    <datafield tag="336" ind1=" " ind2=" ">
      <subfield code="b">text</subfield>
      <subfield code="0">http://www.rdaregistry.info/termList/RDAContentType/#1020</subfield>
      <subfield code="2">rdacontent</subfield>
    </datafield>
    <datafield tag="337" ind1=" " ind2=" ">
      <subfield code="a">unmediated</subfield>
      <subfield code="0">http://rdaregistry.info/termList/RDAMediaType/1007</subfield>
      <subfield code="2">rdamedia</subfield>
    </datafield>
    <datafield tag="338" ind1=" " ind2=" ">
      <subfield code="a">volume</subfield>
      <subfield code="1"> http://www.rdaregistry.info/termList/RDACarrierType/#1049</subfield>
      <subfield code="2">rdacarrier</subfield>
    </datafield>
    <datafield tag="380" ind1=" " ind2=" ">
      <subfield code="a">book</subfield>
      <subfield code="1">http://id.loc.gov/vocabulary/marcgt/boo</subfield>
      <subfield code="2">marcgt</subfield>
    </datafield>
    <datafield tag="490" ind1="0" ind2=" ">
      <subfield code="a">Berettelsen om Narnia</subfield>
    </datafield>
    <datafield tag="599" ind1=" " ind2=" ">
      <subfield code="a">Maskinellt genererad post. ♯ndra kod fr̲ fullstñdighetsniv ̄(leader/17),
        annars kommer manuellt gjorda ñdringar att fr̲svinna.</subfield>
    </datafield>
    <datafield tag="700" ind1="1" ind2=" ">
      <subfield code="a"> Hammar,Birgitta</subfield>
      <subfield code="d">1912-2011-</subfield>
      <subfield code="4">trl</subfield>
      <subfield code="1">http://viaf.org/viaf/2455287</subfield>
    </datafield>
    <datafield tag="700" ind1="1" ind2=" ">
      <subfield code="a">Lewis, C S,</subfield>
      <subfield code="d">1898-1963-</subfield>
      <subfield code="i"> http://rdaregistry.info/Elements/w/precededByWork.en </subfield>
      <subfield code="t">Hästen och hans pojke</subfield>
      <!--<subfield code="1">finner ikke permalink i viaf til Hästen och hans pojke swe.</subfield>-->
    </datafield>
    <datafield tag="700" ind1="1" ind2=" ">
      <subfield code="a">Lewis, C S.,</subfield>
      <subfield code="d">1898-1963-</subfield>
      <subfield code="i"> Translation of work </subfield>
      <subfield code="t"> Prince Caspian </subfield>
      <subfield code="1"> https://viaf.org/viaf/2620147270733935700007/</subfield>
      <subfield code="4"> http://rdaregistry.info/Elements/w/freeTranslationOfWork.en </subfield>
    </datafield>
    <datafield tag="841" ind1=" " ind2=" ">
      <subfield code="5">BOKR</subfield>
      <subfield code="a">x a</subfield>
      <subfield code="b">180903||0000|||||000||||||000000</subfield>
      <subfield code="e">1</subfield>
    </datafield>
    <datafield tag="852" ind1=" " ind2=" ">
      <subfield code="5">BOKR</subfield>
      <subfield code="b">BOKR</subfield>
    </datafield>
    <datafield tag="887" ind1=" " ind2=" ">
      <subfield code="a"
        >{"@id":"ktpfhl5nhd7kcp9w","modified":"2018-09-03T08:01:39.21+02:00","checksum":"41245569298"}</subfield>
      <subfield code="2">librisxl</subfield>
    </datafield>
    <datafield tag="887" ind1=" " ind2=" ">
      <subfield code="5">BOKR</subfield>
      <subfield code="a"
        >{"@id":"5f9136rd34l171d3","modified":"2018-09-03T08:01:39.293+02:00","checksum":"-2289665779"}</subfield>
      <subfield code="2">librisxl</subfield>
    </datafield>
  </record>