
  <record>
    <!--The Chronicles of Narnia: 7 Books in 1 Lewis, C. S, eng Svenske samlekatalogen -->
    <leader>01263cam a22003135a 4500</leader>
    <controlfield tag="001">20776780</controlfield>
    <controlfield tag="003">LIBRIS</controlfield>
    <controlfield tag="005">20181022094701.0</controlfield>
    <controlfield tag="008">170427s2004    us |||||||||||000 1|eng|c</controlfield>
    <datafield tag="020" ind1=" " ind2=" ">
      <subfield code="a">9780060598242</subfield>
    </datafield>
    <datafield tag="035" ind1=" " ind2=" ">
      <subfield code="a">(Adlibris)9780060598242</subfield>
    </datafield>
    <datafield tag="040" ind1=" " ind2=" ">
      <subfield code="e">a</subfield>
    </datafield>
    <datafield tag="041" ind1=" " ind2=" ">
      <subfield code="a">eng</subfield>
    </datafield>
    <datafield tag="082" ind1=" " ind2="4">
      <subfield code="a">FIC</subfield>
      <subfield code="2">22</subfield>
    </datafield>
    <datafield tag="084" ind1=" " ind2=" ">
      <subfield code="a">Ge</subfield>
      <subfield code="2">kssb/8</subfield>
    </datafield>
    <datafield tag="100" ind1="1" ind2=" ">
      <subfield code="a">Lewis, C S</subfield>
      <subfield code="d">1898-1963.</subfield>
      <subfield code="q">(Clive Staples)</subfield>
      <subfield code="4">aut</subfield>
      <subfield code="1">http://viaf.org/viaf/22144877</subfield>
    </datafield>
    <datafield tag="240" ind1="1" ind2="0">
      <subfield code="a"> The Magician's Nephew </subfield>
      <subfield code="l">Engelska</subfield>
      <subfield code="1">http://viaf.org/viaf/316392414</subfield>
    </datafield>
    <datafield tag="245" ind1="1" ind2="0">
      <subfield code="a">the chronicles of narnia 7 books in 1 hardcover</subfield>
      <subfield code="c">C. S. Lewis.</subfield>
    </datafield>
    <datafield tag="264" ind1=" " ind2="1">
      <subfield code="b">Harpercollins,</subfield>
      <subfield code="c">2004</subfield>
    </datafield>
    <datafield tag="300" ind1=" " ind2=" ">
      <subfield code="a">784 s.</subfield>
      <subfield code="c">6.4 cm</subfield>
    </datafield>
    <datafield tag="340" ind1=" " ind2=" ">
      <subfield code="b">6.4 cm</subfield>
    </datafield>
    <datafield tag="336" ind1=" " ind2=" ">
      <subfield code="b">text</subfield>
      <subfield code="0">http://www.rdaregistry.info/termList/RDAContentType/#1020</subfield>
      <subfield code="2">rdacontent</subfield>
    </datafield>
    <datafield tag="337" ind1=" " ind2=" ">
      <subfield code="a">unmediated</subfield>
      <subfield code="0">http://rdaregistry.info/termList/RDAMediaType/1007</subfield>
      <subfield code="2">rdamedia</subfield>
    </datafield>
    <datafield tag="338" ind1=" " ind2=" ">
      <subfield code="a">volume</subfield>
      <subfield code="1"> http://www.rdaregistry.info/termList/RDACarrierType/#1049</subfield>
      <subfield code="2">rdacarrier</subfield>
    </datafield>
    <datafield tag="380" ind1=" " ind2=" ">
      <subfield code="a">book</subfield>
      <subfield code="1">http://id.loc.gov/vocabulary/marcgt/boo</subfield>
      <subfield code="2">marcgt</subfield>
    </datafield>
    <datafield tag="599" ind1=" " ind2=" ">
      <subfield code="a">Maskinellt genererad post. ♯ndra kod fr̲ fullstñdighetsniv ̄(leader/17),
        annars kommer manuellt gjorda ñdringar att fr̲svinna.</subfield>
    </datafield>
    <datafield tag="655" ind1=" " ind2="4">
      <subfield code="0">https://id.kb.se/marc/FictionNotFurtherSpecified</subfield>
    </datafield>
    <datafield tag="700" ind1="1" ind2="2">
      <subfield code="a">Lewis, C S</subfield>
      <subfield code="d">1898-1963</subfield>
      <subfield code="l">Engelska</subfield>
      <subfield code="q">(Clive Staples)</subfield>
      <subfield code="t">The Lion, the Witch and the Wardrobe</subfield>
      <subfield code="1">http://viaf.org/viaf/179642103</subfield>
    </datafield>
    <datafield tag="700" ind1="1" ind2="2">
      <subfield code="a">Lewis, C S</subfield>
      <subfield code="d">1898-1963</subfield>
      <subfield code="l">Engelska</subfield>
      <subfield code="q">(Clive Staples)</subfield>
      <subfield code="t">The Horse and His Boy</subfield>
      <subfield code="1">http://viaf.org/viaf/1181145424674286830782</subfield>
    </datafield>
    <datafield tag="700" ind1="1" ind2="2">
      <subfield code="a">Lewis, C S</subfield>
      <subfield code="d">1898-1963</subfield>
      <subfield code="l">Engelska</subfield>
      <subfield code="q">(Clive Staples)</subfield>
      <subfield code="t">Prince Caspian: The Return to Narnia.</subfield>
      <subfield code="1">http://viaf.org/viaf/2620147270733935700007</subfield>
    </datafield>
    <datafield tag="700" ind1="1" ind2="2">
      <subfield code="a">Lewis, C S</subfield>
      <subfield code="d">1898-1963</subfield>
      <subfield code="l">Engelska</subfield>
      <subfield code="q">(Clive Staples)</subfield>
      <subfield code="t">The Voyage of the Dawn Treader.</subfield>
      <subfield code="1">http://viaf.org/viaf/315663134</subfield>
    </datafield>
    <datafield tag="700" ind1="1" ind2="2">
      <subfield code="a">Lewis, C S</subfield>
      <subfield code="d">1898-1963</subfield>
      <subfield code="l">Engelska</subfield>
      <subfield code="q">(Clive Staples)</subfield>
      <subfield code="t">The Silver Chair</subfield>
      <subfield code="1">http://viaf.org/viaf/1620145856999322920854</subfield>
    </datafield>
    <datafield tag="700" ind1="1" ind2="2">
      <subfield code="a">Lewis, C S</subfield>
      <subfield code="d">1898-1963</subfield>
      <subfield code="l">Engelska</subfield>
      <subfield code="q">(Clive Staples)</subfield>
      <subfield code="t">The Last Battle</subfield>
      <!--<subfield code="1"> finner ikke permalink i viaf</subfield>-->
    </datafield>
    <datafield tag="841" ind1=" " ind2=" ">
      <subfield code="5">Gav</subfield>
      <subfield code="a">x 2</subfield>
      <subfield code="b">181022||0000|||||000||||||000000</subfield>
      <subfield code="e">|</subfield>
    </datafield>
    <datafield tag="841" ind1=" " ind2=" ">
      <subfield code="5">Um</subfield>
      <subfield code="a">x a</subfield>
      <subfield code="b">170427||0000|||||000||||||000000</subfield>
      <subfield code="e">|</subfield>
    </datafield>
    <datafield tag="852" ind1=" " ind2=" ">
      <subfield code="5">Gav</subfield>
      <subfield code="b">Gav</subfield>
    </datafield>
    <datafield tag="852" ind1=" " ind2=" ">
      <subfield code="5">Um</subfield>
      <subfield code="b">Um</subfield>
      <subfield code="h">ugHe</subfield>
    </datafield>
    <datafield tag="887" ind1=" " ind2=" ">
      <subfield code="a"
        >{"@id":"0jbqmtmb23j4psp","modified":"2018-10-22T09:47:01.677+02:00","checksum":"21215546974"}</subfield>
      <subfield code="2">librisxl</subfield>
    </datafield>
    <datafield tag="887" ind1=" " ind2=" ">
      <subfield code="5">Gav</subfield>
      <subfield code="a"
        >{"@id":"3cfrhlb21lvmjhj6","modified":"2018-10-22T09:46:47.139+02:00","checksum":"21905141150"}</subfield>
      <subfield code="2">librisxl</subfield>
    </datafield>
    <datafield tag="887" ind1=" " ind2=" ">
      <subfield code="5">Um</subfield>
      <subfield code="a"
        >{"@id":"jnw43wxp2js139l","modified":"2017-04-27T12:11:32+02:00","checksum":"50230441210"}</subfield>
      <subfield code="2">librisxl</subfield>
    </datafield>
  </record>