
  <!--Stephenie, Meyer-->
  <record>
    <!--Twilight  Meyer, Stephenie DVD Svenske samlekatalogen -->
    <leader>01782ngm a22004453a 4500</leader>
    <controlfield tag="001">11852336</controlfield>
    <controlfield tag="003">LIBRIS</controlfield>
    <controlfield tag="005">20100518164850.0</controlfield>
    <controlfield tag="007">v||||||||</controlfield>
    <controlfield tag="008">100518s2009    sw |||       |    ||eng c</controlfield>
    <datafield tag="024" ind1="3" ind2=" ">
      <subfield code="a">7332421034238</subfield>
    </datafield>
    <datafield tag="028" ind1="4" ind2="0">
      <subfield code="a">1527411</subfield>
    </datafield>
    <datafield tag="035" ind1=" " ind2=" ">
      <subfield code="5">Mo</subfield>
      <subfield code="a">(Mo)b1720770</subfield>
    </datafield>
    <datafield tag="040" ind1=" " ind2=" ">
      <subfield code="a">Mo</subfield>
    </datafield>
    <datafield tag="041" ind1="1" ind2=" ">
      <subfield code="a">mul</subfield>
    </datafield>
    <datafield tag="082" ind1="0" ind2="4">
      <subfield code="a">822</subfield>
      <subfield code="2">22 (machine generated)</subfield>
    </datafield>
    <datafield tag="083" ind1="0" ind2=" ">
      <subfield code="a">839.78</subfield>
      <subfield code="2">22 (machine generated)</subfield>
    </datafield>
    <datafield tag="084" ind1=" " ind2=" ">
      <subfield code="a">He.025/VC</subfield>
      <subfield code="2">kssb/8</subfield>
    </datafield>
    <datafield tag="084" ind1=" " ind2=" ">
      <subfield code="a">Hcee.025/VC</subfield>
      <subfield code="2">kssb/8</subfield>
    </datafield>
    <datafield tag="130" ind1="1" ind2="0">
      <subfield code="a"> Twilight</subfield>
      <subfield code="l">mul</subfield>
      <subfield code="1">http://viaf.org/viaf/206877962</subfield>
    </datafield>
    <datafield tag="245" ind1="1" ind2="0">
      <subfield code="a">Twilight</subfield>
      <subfield code="h">[Video (DVD)] /</subfield>
      <subfield code="c">regi: Catherine Hardwicke</subfield>
    </datafield>
    <datafield tag="260" ind1=" " ind2=" ">
      <subfield code="a">Danderyd :</subfield>
      <subfield code="b">Nordisk film,</subfield>
      <subfield code="c">[2009]</subfield>
    </datafield>
    <datafield tag="300" ind1=" " ind2=" ">
      <subfield code="a">1 DVD-Video (1 tim., 57 min.) :</subfield>
      <subfield code="b">ljud, fr̃g</subfield>
    </datafield>
    <datafield tag="336" ind1=" " ind2=" ">
      <subfield code="a">two-dimensional moving image</subfield>
      <subfield code="1">http://rdaregistry.info/termList/RDAContentType/1023</subfield>
      <subfield code="2">rdacontent</subfield>
    </datafield>
    <datafield tag="337" ind1=" " ind2=" ">
      <subfield code="a">video</subfield>
      <subfield code="1">http://rdaregistry.info/termList/RDAMediaType/1008 </subfield>
      <subfield code="2">rdamedia</subfield>
    </datafield>
    <datafield tag="338" ind1=" " ind2=" ">
      <subfield code="a">digital disc</subfield>
      <subfield code="1"> http://rdaregistry.info/termList/RDACarrierType/1013</subfield>
      <subfield code="2">rdacarrier</subfield>
    </datafield>
    <datafield tag="380" ind1=" " ind2=" ">
      <subfield code="a">motion picture</subfield>
      <subfield code="1">http://id.loc.gov/vocabulary/marcgt/mot</subfield>
      <subfield code="2">marcgt</subfield>
    </datafield>
    <datafield tag="440" ind1=" " ind2="4">
      <subfield code="a">The Twilight saga</subfield>
    </datafield>
    <datafield tag="500" ind1=" " ind2=" ">
      <subfield code="a">Originalfilmen: Summit Entertainment ..., cop. 2008</subfield>
    </datafield>
    <datafield tag="505" ind1="8" ind2=" ">
      <subfield code="a">Innehl̄ler ṽen: Extended scenes ; Deleted scenes ; Becoming Bella ;
        Becoming Edward ; A conversation with Stphenie Meyer. The comic con phenomenon ; "Decode" by
        Paramore - music video</subfield>
    </datafield>
    <datafield tag="511" ind1="1" ind2=" ">
      <subfield code="a">Skd̄espelare: Kristen Stewart, Robert Patinson, Billy Burke, Peter
        Facinelli, Nikki Reed, Ashley Greene, Jackson Rathbone, Kellan Lutz ...</subfield>
    </datafield>
    <datafield tag="520" ind1=" " ind2=" ">
      <subfield code="a">Bygger p ̄boken: Twilight / Stephenie Meyer</subfield>
    </datafield>
    <datafield tag="538" ind1=" " ind2=" ">
      <subfield code="a">Region 2 ; bildformat: 16:9; ljudformat: Dolby digital 5.1</subfield>
    </datafield>
    <datafield tag="546" ind1=" " ind2=" ">
      <subfield code="a">Tal p ̄engelska. textad p ̄svenska, danska, norska, finska</subfield>
    </datafield>
    <datafield tag="546" ind1=" " ind2=" ">
      <subfield code="5">Mo</subfield>
      <subfield code="a">engelska,</subfield>
    </datafield>
    <datafield tag="653" ind1=" " ind2=" ">
      <subfield code="a">Skrc̃k</subfield>
    </datafield>
    <datafield tag="653" ind1=" " ind2=" ">
      <subfield code="a">Action</subfield>
    </datafield>
    <datafield tag="653" ind1=" " ind2=" ">
      <subfield code="a">Skn̲litteratur</subfield>
    </datafield>
    <datafield tag="655" ind1=" " ind2="4">
      <subfield code="a">Video dvd</subfield>
    </datafield>
    <datafield tag="700" ind1="1" ind2=" ">
      <subfield code="a">Meyer, Stephenie.</subfield>
      <subfield code="d">1973-</subfield>
      <subfield code="i">Adaptation of work</subfield>
      <subfield code="t">Twilight</subfield>
      <subfield code="1">http://viaf.org/viaf/310529073</subfield>
      <subfield code="4">http://rdaregistry.info/Elements/w/adaptationOfWork.en</subfield>
    </datafield>
    <datafield tag="700" ind1="1" ind2=" ">
      <subfield code="a">Hardwicke, Catherine,</subfield>
      <subfield code="d">1955-</subfield>
      <subfield code="1">http://viaf.org/viaf/51394598</subfield>
      <subfield code="4">drt.</subfield>
    </datafield>
    <datafield tag="700" ind1="1" ind2=" ">
      <subfield code="a">Stewart, Kristen</subfield>
      <subfield code="d">1990-</subfield>
      <subfield code="1">http://viaf.org/viaf/100506311</subfield>
      <subfield code="4">cas</subfield>
    </datafield>
    <datafield tag="700" ind1="1" ind2=" ">
      <subfield code="a">Pattinson, Robert</subfield>
      <subfield code="d">1986-</subfield>
      <subfield code="1">http://viaf.org/viaf/53976712</subfield>
      <subfield code="4">cas</subfield>
    </datafield>
    <datafield tag="700" ind1="1" ind2=" ">
      <subfield code="a">Burke, Billy</subfield>
      <subfield code="d">1966-</subfield>
      <subfield code="1">http://viaf.org/viaf/90624481</subfield>
      <subfield code="4">cas</subfield>
    </datafield>
    <datafield tag="700" ind1="1" ind2=" ">
      <subfield code="a">Facinelli, Peter</subfield>
      <subfield code="d">1973-</subfield>
      <subfield code="1">http://viaf.org/viaf/107709148</subfield>
      <subfield code="4">cas</subfield>
    </datafield>
    <datafield tag="700" ind1="1" ind2=" ">
      <subfield code="a">Reed, Nikki</subfield>
      <subfield code="d">1988-</subfield>
      <subfield code="1">http://viaf.org/viaf/341370</subfield>
      <subfield code="4">cas</subfield>
    </datafield>
    <datafield tag="700" ind1="1" ind2=" ">
      <subfield code="a">Greene, Ashley</subfield>
      <subfield code="d">1987-</subfield>
      <subfield code="1">http://viaf.org/viaf/91036341</subfield>
      <subfield code="4">cas</subfield>
    </datafield>
    <datafield tag="700" ind1="1" ind2=" ">
      <subfield code="a">Rathbone, Jackson </subfield>
      <subfield code="d">1984-</subfield>
      <subfield code="1">http://viaf.org/viaf/91039085</subfield>
      <subfield code="4">cas</subfield>
    </datafield>
    <datafield tag="700" ind1="1" ind2=" ">
      <subfield code="a">Lutz, Kellan</subfield>
      <subfield code="d">1985-</subfield>
      <subfield code="1">http://viaf.org/viaf/91039063</subfield>
      <subfield code="4">cas</subfield>
    </datafield>
    <datafield tag="841" ind1=" " ind2=" ">
      <subfield code="5">Mo</subfield>
      <subfield code="a">x a</subfield>
      <subfield code="b">100518||0000|||||001||||||000000</subfield>
      <subfield code="e">1</subfield>
    </datafield>
    <datafield tag="852" ind1=" " ind2=" ">
      <subfield code="5">Mo</subfield>
      <subfield code="b">Mo</subfield>
      <subfield code="h">Barnvideo DVD</subfield>
    </datafield>
  </record>