
  <record>
    <!--Twilight  Meyer, Stephenie  Lydbok eng Svenske samlekatalogen -->
    <leader>02698cim a22006137a 4500</leader>
    <controlfield tag="001">13287021</controlfield>
    <controlfield tag="003">LIBRIS</controlfield>
    <controlfield tag="005">20170503190457.0</controlfield>
    <controlfield tag="007">sd||||||||||||</controlfield>
    <controlfield tag="008">120504s2009    xxknnnnj ||||||   n eng c</controlfield>
    <datafield tag="024" ind1="7" ind2=" ">
      <subfield code="a">C01865</subfield>
      <subfield code="2">MTM medienummer</subfield>
    </datafield>
    <datafield tag="035" ind1=" " ind2=" ">
      <subfield code="a">(MTM)C01865</subfield>
    </datafield>
    <datafield tag="035" ind1=" " ind2=" ">
      <subfield code="5">Mtm</subfield>
      <subfield code="a">(MTM)C01865</subfield>
    </datafield>
    <datafield tag="040" ind1=" " ind2=" ">
      <subfield code="a">Mtm</subfield>
    </datafield>
    <datafield tag="041" ind1="0" ind2=" ">
      <subfield code="a">eng</subfield>
    </datafield>
    <datafield tag="042" ind1=" " ind2=" ">
      <subfield code="9">Mtm</subfield>
    </datafield>
    <datafield tag="046" ind1=" " ind2=" ">
      <subfield code="a">m</subfield>
      <subfield code="m">20000101</subfield>
      <subfield code="n">20000301</subfield>
    </datafield>
    <datafield tag="082" ind1="0" ind2="4">
      <subfield code="a">823</subfield>
      <subfield code="2">22 (machine generated)</subfield>
    </datafield>
    <datafield tag="084" ind1=" " ind2=" ">
      <subfield code="a">He.01/TC</subfield>
      <subfield code="2">kssb/8</subfield>
    </datafield>
    <datafield tag="100" ind1="1" ind2=" ">
      <subfield code="a">Meyer, Stephenie</subfield>
      <subfield code="d">1973-</subfield>
      <subfield code="4">aut</subfield>
      <subfield code="1">http://viaf.org/viaf/102313919</subfield>
    </datafield>
    <datafield tag="240" ind1="1" ind2="0">
      <subfield code="a"> Twilight</subfield>
      <subfield code="l">Engelska</subfield>
      <!--<subfield code="1">Finner ikke permalink i viaf til llydboken</subfield>-->
    </datafield>
    <datafield tag="245" ind1="1" ind2="0">
      <subfield code="a">Twilight</subfield>
      <subfield code="h">[Ljudupptagning] :</subfield>
      <subfield code="c">Stephenie Meyer</subfield>
    </datafield>
    <datafield tag="260" ind1=" " ind2=" ">
      <subfield code="a">Peterborough :</subfield>
      <subfield code="b">Royal National Institute for the Blind,</subfield>
      <subfield code="c">2009</subfield>
    </datafield>
    <datafield tag="300" ind1=" " ind2=" ">
      <subfield code="a">1 CD-R (14 tim., 18 min.) :</subfield>
      <subfield code="b">mono</subfield>
    </datafield>
    <datafield tag="336" ind1=" " ind2=" ">
      <subfield code="a">spoken word</subfield>
      <subfield code="1">http://www.rdaregistry.info/termList/RDAContentType/#1013</subfield>
      <subfield code="2">rdacontent</subfield>
    </datafield>
    <datafield tag="337" ind1=" " ind2=" ">
      <subfield code="a">audio</subfield>
      <subfield code="1">http://rdaregistry.info/termList/RDAMediaType/1001</subfield>
      <subfield code="2">rdamedia</subfield>
    </datafield>
    <datafield tag="338" ind1=" " ind2=" ">
      <subfield code="a">computer disc</subfield>
      <subfield code="1">http://rdaregistry.info/termList/RDACarrierType/1013</subfield>
      <subfield code="2">rdacarrier</subfield>
    </datafield>
    <datafield tag="380" ind1=" " ind2=" ">
      <subfield code="a">sound</subfield>
      <subfield code="1">http://id.loc.gov/vocabulary/marcgt/sou</subfield>
      <subfield code="2">marcgt</subfield>
    </datafield>
    <datafield tag="500" ind1=" " ind2=" ">
      <subfield code="a">Fortst̃tes av: New moon ; Eclipse ; Breaking dawn</subfield>
    </datafield>
    <datafield tag="500" ind1=" " ind2=" ">
      <subfield code="a">Digital talbok (DAISY 2.02), ljud</subfield>
    </datafield>
    <datafield tag="500" ind1=" " ind2=" ">
      <subfield code="a">Boken ingr̄ i serien: Twilight ; 1</subfield>
    </datafield>
    <datafield tag="500" ind1=" " ind2=" ">
      <subfield code="a">Inls̃t ur: Atom, 2007. ISBN 1904233651, 9781904233657</subfield>
    </datafield>
    <datafield tag="506" ind1="1" ind2=" ">
      <subfield code="a">Tillgñglig fr̲ personer med ls̃nedst̃tning enligt ʹ 17
        Upphovsrt̃tslagen</subfield>
      <subfield code="u">http://www.mtm.se/om-oss/uppdrag-och-lagar/upphovsrattslagen/</subfield>
    </datafield>
    <datafield tag="520" ind1=" " ind2=" ">
      <subfield code="a">Isabella Swan r̃ en 17-r̄ing som motstrṽigt flyttar hem till sin
        frn̄skilda pappa, som bor i en trk̄ig stad. Vl̃ dr̃ trf̃far hon sin fr̲sta kr̃lek, den
        vackre Edward Cullen, som snart visar sig vara vampyr. Han lever i en grupp med likasinnade
        som strṽar efter att enbart dricka blod frn̄ djur. Historien utvecklar sig i bd̄e
        fr̲vñtade och fr̲vn̄ande riktningar. Huvudpersonen blir mer och mer passionerat fr̲l̃skad i
        Edward</subfield>
    </datafield>
    <datafield tag="599" ind1=" " ind2=" ">
      <subfield code="a">MTM MarcRecordId: 187629</subfield>
    </datafield>
    <datafield tag="599" ind1=" " ind2=" ">
      <subfield code="5">Mtm</subfield>
      <subfield code="a">Posten ñdrad i Legimus 20170522</subfield>
    </datafield>
    <datafield tag="655" ind1=" " ind2="4">
      <subfield code="a">DAISY</subfield>
    </datafield>
    <datafield tag="700" ind1="1" ind2=" ">
      <subfield code="a">Woodward, Jennifer</subfield>
      <subfield code="d">1966-</subfield>
      <subfield code="1">http://viaf.org/viaf/14052500</subfield>
      <subfield code="4">nrt</subfield>
    </datafield>
    <datafield tag="700" ind1="1" ind2=" ">
      <subfield code="a">Meyer, Stephenie.</subfield>
      <subfield code="d">1973</subfield>
      <subfield code="i">Based on work</subfield>
      <subfield code="t">Twilight</subfield>
      <subfield code="1"> http://viaf.org/viaf/310529073 </subfield>
      <subfield code="4">http://rdaregistry.info/Elements/w/basedOnWork.en</subfield>
    </datafield>
    <datafield tag="776" ind1="0" ind2="8">
      <subfield code="i">Inls̃t ur</subfield>
      <subfield code="t">Twilight</subfield>
      <subfield code="z">1904233651</subfield>
    </datafield>
    <datafield tag="841" ind1=" " ind2=" ">
      <subfield code="5">Gav</subfield>
      <subfield code="a">x aa</subfield>
      <subfield code="b">180530||0000|||||000||||||000000</subfield>
      <subfield code="e">n</subfield>
    </datafield>
    <datafield tag="841" ind1=" " ind2=" ">
      <subfield code="5">Kali</subfield>
      <subfield code="a">x aa</subfield>
      <subfield code="b">160216||0000|||||000||||||000000</subfield>
      <subfield code="e">n</subfield>
    </datafield>
    <datafield tag="841" ind1=" " ind2=" ">
      <subfield code="5">Ksb</subfield>
      <subfield code="a">x aa</subfield>
      <subfield code="b">171228||0000|||||000||||||000000</subfield>
      <subfield code="e">n</subfield>
    </datafield>
    <datafield tag="841" ind1=" " ind2=" ">
      <subfield code="5">Leru</subfield>
      <subfield code="a">x aa</subfield>
      <subfield code="b">170313||0000|||||000||||||000000</subfield>
      <subfield code="e">n</subfield>
    </datafield>
    <datafield tag="841" ind1=" " ind2=" ">
      <subfield code="5">Mtm</subfield>
      <subfield code="a">x a</subfield>
      <subfield code="b">170522||0000|||||000||||||000000</subfield>
      <subfield code="e">1</subfield>
    </datafield>
    <datafield tag="841" ind1=" " ind2=" ">
      <subfield code="5">Sfb</subfield>
      <subfield code="a">x aa</subfield>
      <subfield code="b">170206||0000|||||000||||||000000</subfield>
      <subfield code="e">n</subfield>
    </datafield>
    <datafield tag="841" ind1=" " ind2=" ">
      <subfield code="5">Um</subfield>
      <subfield code="a">x aa</subfield>
      <subfield code="b">180216||0000|||||000||||||000000</subfield>
      <subfield code="e">n</subfield>
    </datafield>
    <datafield tag="841" ind1=" " ind2=" ">
      <subfield code="5">Vilh</subfield>
      <subfield code="a">x aa</subfield>
      <subfield code="b">160307||0000|||||000||||||000000</subfield>
      <subfield code="e">n</subfield>
    </datafield>
    <datafield tag="852" ind1=" " ind2=" ">
      <subfield code="5">Gav</subfield>
      <subfield code="b">Gav</subfield>
    </datafield>
    <datafield tag="852" ind1=" " ind2=" ">
      <subfield code="5">Kali</subfield>
      <subfield code="b">Kali</subfield>
    </datafield>
    <datafield tag="852" ind1=" " ind2=" ">
      <subfield code="5">Ksb</subfield>
      <subfield code="b">Ksb</subfield>
    </datafield>
    <datafield tag="852" ind1=" " ind2=" ">
      <subfield code="5">Leru</subfield>
      <subfield code="b">Leru</subfield>
      <subfield code="h">uHe</subfield>
    </datafield>
    <datafield tag="852" ind1=" " ind2=" ">
      <subfield code="5">Mtm</subfield>
      <subfield code="b">Mtm</subfield>
      <subfield code="h">uHe/TC</subfield>
    </datafield>
    <datafield tag="852" ind1=" " ind2=" ">
      <subfield code="5">Sfb</subfield>
      <subfield code="b">Sfb</subfield>
    </datafield>
    <datafield tag="852" ind1=" " ind2=" ">
      <subfield code="5">Um</subfield>
      <subfield code="b">Um</subfield>
    </datafield>
    <datafield tag="852" ind1=" " ind2=" ">
      <subfield code="5">Vilh</subfield>
      <subfield code="b">Vilh</subfield>
    </datafield>
    <datafield tag="856" ind1=" " ind2=" ">
      <subfield code="s">362081787</subfield>
    </datafield>
    <datafield tag="856" ind1="4" ind2="0">
      <subfield code="5">Mtm</subfield>
      <subfield code="u">http://www.legimus.se/work/redirect?MedieNr=C01865</subfield>
      <subfield code="z">Ladda ner. Tillgñglig fr̲ personer med ls̃nedst̃tning enligt ʹ 17
        Upphovsrt̃tslagen</subfield>
    </datafield>
    <datafield tag="886" ind1="0" ind2=" ">
      <subfield code="2">BURK IV</subfield>
      <subfield code="b">KICAGBSWP027ENGU BD</subfield>
    </datafield>
    <datafield tag="887" ind1=" " ind2=" ">
      <subfield code="a">009</subfield>
      <subfield code="2">BURK IV</subfield>
      <subfield code="o">01</subfield>
    </datafield>
  </record>