
  <record>
    <!--Twilight Meyer, Stephenie  eng Svenske samlekatalogen -->
    <leader>00773cam a22002295a 4500</leader>
    <controlfield tag="001">16768567</controlfield>
    <controlfield tag="003">LIBRIS</controlfield>
    <controlfield tag="005">20151109181249.0</controlfield>
    <controlfield tag="008">140811s2008    us |||||||||||00| 1|eng c</controlfield>
    <datafield tag="020" ind1=" " ind2=" ">
      <subfield code="a">9780316038379</subfield>
    </datafield>
    <datafield tag="035" ind1=" " ind2=" ">
      <datafield tag="041" ind1=" " ind2=" ">
        <subfield code="a">eng</subfield>
      </datafield>
      <subfield code="a">(Adlibris)9780316038379</subfield>
    </datafield>
    <datafield tag="082" ind1="0" ind2="4">
      <subfield code="a">800</subfield>
      <subfield code="2">22 (machine generated)</subfield>
    </datafield>
    <datafield tag="084" ind1=" " ind2=" ">
      <subfield code="a">H</subfield>
      <subfield code="2">kssb/8</subfield>
    </datafield>
    <datafield tag="100" ind1="1" ind2=" ">
      <subfield code="a">Meyer, Stephenie</subfield>
      <subfield code="d">1973-</subfield>
      <subfield code="4">aut</subfield>
      <subfield code="1">http://viaf.org/viaf/102313919</subfield>
    </datafield>
    <datafield tag="240" ind1="1" ind2="0">
      <subfield code="a"> Twilight</subfield>
      <subfield code="l">Engelska</subfield>
      <subfield code="1">http://viaf.org/viaf/310529073</subfield>
    </datafield>
    <datafield tag="245" ind1="1" ind2="0">
      <subfield code="a">Twilight /</subfield>
      <subfield code="c">Stephenie Meyer</subfield>
    </datafield>
    <datafield tag="260" ind1=" " ind2=" ">
      <subfield code="b">Little, Brown Young Readers,</subfield>
      <subfield code="c">2008</subfield>
    </datafield>
    <datafield tag="300" ind1=" " ind2=" ">
      <subfield code="a">498 s. ;</subfield>
      <subfield code="c">2.9 cm</subfield>
    </datafield>
    <datafield tag="336" ind1=" " ind2=" ">
      <subfield code="b">text</subfield>
      <subfield code="0">http://www.rdaregistry.info/termList/RDAContentType/#1020</subfield>
      <subfield code="2">rdacontent</subfield>
    </datafield>
    <datafield tag="337" ind1=" " ind2=" ">
      <subfield code="a">unmediated</subfield>
      <subfield code="0">http://rdaregistry.info/termList/RDAMediaType/1007</subfield>
      <subfield code="2">rdamedia</subfield>
    </datafield>
    <datafield tag="338" ind1=" " ind2=" ">
      <subfield code="a">volume</subfield>
      <subfield code="1"> http://www.rdaregistry.info/termList/RDACarrierType/#1049</subfield>
      <subfield code="2">rdacarrier</subfield>
    </datafield>
    <datafield tag="380" ind1=" " ind2=" ">
      <subfield code="a">book</subfield>
      <subfield code="1">http://id.loc.gov/vocabulary/marcgt/boo</subfield>
      <subfield code="2">marcgt</subfield>
    </datafield>
    <datafield tag="599" ind1=" " ind2=" ">
      <subfield code="a">Maskinellt genererad post. ♯ndra kod fr̲ fullstñdighetsniv ̄(leader/17),
        annars kommer manuellt gjorda ñdringar att fr̲svinna.</subfield>
    </datafield>
    <datafield tag="841" ind1=" " ind2=" ">
      <subfield code="5">Kssb</subfield>
      <subfield code="a">x aa</subfield>
      <subfield code="b">140811||0000|||||000||||||000000</subfield>
      <subfield code="e">n</subfield>
    </datafield>
    <datafield tag="841" ind1=" " ind2=" ">
      <subfield code="5">Mdv</subfield>
      <subfield code="a">x a</subfield>
      <subfield code="b">1509244u 8 1001uu 0901128</subfield>
      <subfield code="e">4</subfield>
    </datafield>
    <datafield tag="852" ind1=" " ind2=" ">
      <subfield code="5">Kssb</subfield>
      <subfield code="b">Kssb</subfield>
    </datafield>
    <datafield tag="852" ind1="8" ind2=" ">
      <subfield code="5">Mdv</subfield>
      <subfield code="b">Mdv</subfield>
    </datafield>
  </record>