
  <!--Guillermo del Toro og Chuck Hogan-->
  <record>
    <!--The strain eng Svenske samlekatalogen  -->
    <leader>00797cam a22002657a 4500</leader>
    <controlfield tag="001">14182362</controlfield>
    <controlfield tag="003">LIBRIS</controlfield>
    <controlfield tag="005">20151208115215.0</controlfield>
    <controlfield tag="008">130508s2010    xxu||||      |00| 1 eng c</controlfield>
    <datafield tag="020" ind1=" " ind2=" ">
      <subfield code="a">978-0-06-199267-4</subfield>
    </datafield>
    <datafield tag="035" ind1=" " ind2=" ">
      <subfield code="a">(BOKR)9780061992674</subfield>
    </datafield>
    <datafield tag="040" ind1=" " ind2=" ">
      <subfield code="a">BOKR</subfield>
      <subfield code="d">Hama</subfield>
    </datafield>
    <datafield tag="041" ind1=" " ind2=" ">
      <subfield code="a">eng</subfield>
    </datafield>
    <datafield tag="082" ind1="0" ind2="4">
      <subfield code="a">823</subfield>
      <subfield code="2">22 (machine generated)</subfield>
    </datafield>
    <datafield tag="084" ind1=" " ind2=" ">
      <subfield code="a">He.01</subfield>
      <subfield code="2">kssb/8</subfield>
    </datafield>
    <datafield tag="100" ind1="1" ind2=" ">
      <subfield code="a">Toro, Guillermo del</subfield>
      <subfield code="d">1964-</subfield>
      <subfield code="1">http://viaf.org/viaf/84318163</subfield>
      <subfield code="4">aut</subfield>
    </datafield>
    <datafield tag="240" ind1="1" ind2="0">
      <subfield code="a"> The strain</subfield>
      <subfield code="l">Engelska</subfield>
      <!--<subfield code="1">Finner ikke Permalink til The Strain i Viaf</subfield>-->
    </datafield>
    <datafield tag="245" ind1="1" ind2="4">
      <subfield code="a">The strain /</subfield>
      <subfield code="c">Guillermo del Toro and Chuck Hogan</subfield>
    </datafield>
    <datafield tag="250" ind1=" " ind2=" ">
      <subfield code="a">Pbk. ed.</subfield>
    </datafield>
    <datafield tag="260" ind1=" " ind2=" ">
      <subfield code="a">New York :</subfield>
      <subfield code="b">Harper,</subfield>
      <subfield code="c">2010</subfield>
    </datafield>
    <datafield tag="300" ind1=" " ind2=" ">
      <subfield code="a">585 s. ;</subfield>
      <subfield code="c">17 cm</subfield>
    </datafield>
    <datafield tag="336" ind1=" " ind2=" ">
      <subfield code="a">text</subfield>
      <subfield code="1">http://www.rdaregistry.info/termList/RDAContentType/#1020</subfield>
      <subfield code="2">rdacontent</subfield>
    </datafield>
    <datafield tag="337" ind1=" " ind2=" ">
      <subfield code="a">unmediated</subfield>
      <subfield code="1">http://rdaregistry.info/termList/RDAMediaType/1007</subfield>
      <subfield code="2">rdamedia</subfield>
    </datafield>
    <datafield tag="338" ind1=" " ind2=" ">
      <subfield code="a">volume</subfield>
      <subfield code="1"> http://www.rdaregistry.info/termList/RDACarrierType/#1049</subfield>
      <subfield code="2">rdacarrier</subfield>
    </datafield>
    <datafield tag="380" ind1=" " ind2=" ">
      <subfield code="a">book</subfield>
      <subfield code="1">http://id.loc.gov/vocabulary/marcgt/boo</subfield>
      <subfield code="2">marcgt</subfield>
    </datafield>
    <datafield tag="490" ind1="0" ind2=" ">
      <subfield code="a">The strain trilogy ;</subfield>
      <subfield code="v">1</subfield>
    </datafield>
    <datafield tag="588" ind1=" " ind2=" ">
      <subfield code="a">BOKR: Ursprungligen utgiven av Harper Collins US</subfield>
    </datafield>
    <datafield tag="655" ind1=" " ind2="4">
      <subfield code="a">Deckare, thrillers och spñning</subfield>
    </datafield>
    <datafield tag="700" ind1="1" ind2=" ">
      <subfield code="a">Hogan, Chuck</subfield>
      <subfield code="d">1967--</subfield>
      <subfield code="1">Permalink: http://viaf.org/viaf/79369466</subfield>
      <subfield code="4">aut</subfield>
    </datafield>
    <datafield tag="841" ind1=" " ind2=" ">
      <subfield code="5">Sunn</subfield>
      <subfield code="a">x a</subfield>
      <subfield code="b">140108||0000|||||001||||||000000</subfield>
      <subfield code="e">1</subfield>
    </datafield>
    <datafield tag="852" ind1=" " ind2=" ">
      <subfield code="5">Sunn</subfield>
      <subfield code="b">Sunn</subfield>
    </datafield>
  </record>