
  <!-- C.S Lewis -->
  <record>
    <!--Samlebind med alle Narnia bøkene Lewis, C. S, eng - us library of congress -->
    <leader>01509cam a2200313 a 4500</leader>
    <controlfield tag="001">13764665</controlfield>
    <controlfield tag="005">20090528072019.0</controlfield>
    <controlfield tag="008">041028s2004    nyua   j      000 1 eng d</controlfield>
    <datafield tag="010" ind1=" " ind2=" ">
      <subfield code="a"> 2004559868</subfield>
    </datafield>
    <datafield tag="020" ind1=" " ind2=" ">
      <subfield code="a">0060598247</subfield>
    </datafield>
    <datafield tag="035" ind1=" " ind2=" ">
      <subfield code="a">(OCoLC)ocm56727696</subfield>
    </datafield>
    <datafield tag="040" ind1=" " ind2=" ">
      <subfield code="a">GCV</subfield>
      <subfield code="c">GCV</subfield>
      <subfield code="d">DLC</subfield>
    </datafield>
    <datafield tag="041" ind1=" " ind2=" ">
      <subfield code="a">eng</subfield>
    </datafield>
    <datafield tag="042" ind1=" " ind2=" ">
      <subfield code="a">lcac</subfield>
      <subfield code="a">lccopycat</subfield>
    </datafield>
    <datafield tag="050" ind1="0" ind2="0">
      <subfield code="a">PZ7.L58474</subfield>
      <subfield code="b">Ch 2004</subfield>
    </datafield>
    <datafield tag="082" ind1="0" ind2="0">
      <subfield code="a">[Fic]</subfield>
      <subfield code="2">22</subfield>
    </datafield>
    <datafield tag="082" ind1="0" ind2="4">
      <subfield code="a">823/.912</subfield>
      <subfield code="2">22</subfield>
    </datafield>
    <datafield tag="100" ind1="1" ind2=" ">
      <subfield code="a">Lewis, C S</subfield>
      <subfield code="d">1898-1963.</subfield>
      <subfield code="q">(Clive Staples)</subfield>
      <subfield code="4">aut</subfield>
      <subfield code="1">http://viaf.org/viaf/22144877</subfield>
    </datafield>
    <datafield tag="240" ind1="1" ind2="0">
      <subfield code="a"> The Magician's Nephew </subfield>
      <subfield code="l">English</subfield>
      <subfield code="1">http://viaf.org/viaf/316392414</subfield>
    </datafield>
    <datafield tag="245" ind1="1" ind2="4">
      <subfield code="a">The chronicles of Narnia /</subfield>
      <subfield code="c">C.S. Lewis ; illustrations by Pauline Baynes and including an essay on
        writing by C.S. Lewis.</subfield>
    </datafield>
    <datafield tag="250" ind1=" " ind2=" ">
      <subfield code="a">1st ed.</subfield>
    </datafield>
    <datafield tag="260" ind1=" " ind2=" ">
      <subfield code="a">New York :</subfield>
      <subfield code="b">HarperCollins Publishers,</subfield>
      <subfield code="c">[2004?]</subfield>
    </datafield>
    <datafield tag="300" ind1=" " ind2=" ">
      <subfield code="a">778 p. :</subfield>
      <subfield code="b">ill. ;</subfield>
      <subfield code="c">24 cm.</subfield>
    </datafield>
    <datafield tag="336" ind1=" " ind2=" ">
      <subfield code="b">text</subfield>
      <subfield code="0">http://www.rdaregistry.info/termList/RDAContentType/#1020</subfield>
      <subfield code="2">rdacontent</subfield>
    </datafield>
    <datafield tag="337" ind1=" " ind2=" ">
      <subfield code="a">unmediated</subfield>
      <subfield code="0">http://rdaregistry.info/termList/RDAMediaType/1007</subfield>
      <subfield code="2">rdamedia</subfield>
    </datafield>
    <datafield tag="338" ind1=" " ind2=" ">
      <subfield code="a">volume</subfield>
      <subfield code="1"> http://www.rdaregistry.info/termList/RDACarrierType/#1049</subfield>
      <subfield code="2">rdacarrier</subfield>
    </datafield>
    <datafield tag="380" ind1=" " ind2=" ">
      <subfield code="a">book</subfield>
      <subfield code="1">http://id.loc.gov/vocabulary/marcgt/boo</subfield>
      <subfield code="2">marcgt</subfield>
    </datafield>
    <datafield tag="505" ind1="0" ind2=" ">
      <subfield code="a">The magician's nephew -- The lion, the witch, and the wardrobe -- The horse
        and his boy -- Prince Caspian -- The voyage of the Dawn Treader -- The silver chair -- The
        last battle -- On three ways of writing for children.</subfield>
    </datafield>
    <datafield tag="650" ind1=" " ind2="1">
      <subfield code="a">Fantasy.</subfield>
    </datafield>
    <datafield tag="700" ind1="1" ind2=" ">
      <subfield code="a">Baynes, Pauline,</subfield>
      <subfield code="d">1922-2008</subfield>
      <subfield code="1">http://viaf.org/viaf/101872923</subfield>
      <subfield code="4">ill.</subfield>
    </datafield>
    <datafield tag="700" ind1="1" ind2="2">
      <subfield code="a">Lewis, C S</subfield>
      <subfield code="d">1898-1963</subfield>
      <subfield code="l">English</subfield>
      <subfield code="q">(Clive Staples)</subfield>
      <subfield code="t">The Lion, the Witch and the Wardrobe</subfield>
      <subfield code="1">http://viaf.org/viaf/179642103</subfield>
    </datafield>
    <datafield tag="700" ind1="1" ind2="2">
      <subfield code="a">Lewis, C S</subfield>
      <subfield code="d">1898-1963</subfield>
      <subfield code="l">English</subfield>
      <subfield code="q">(Clive Staples)</subfield>
      <subfield code="t">The Horse and His Boy</subfield>
      <subfield code="1">http://viaf.org/viaf/1181145424674286830782</subfield>
    </datafield>
    <datafield tag="700" ind1="1" ind2="2">
      <subfield code="a">Lewis, C S</subfield>
      <subfield code="d">1898-1963</subfield>
      <subfield code="l">English</subfield>
      <subfield code="q">(Clive Staples)</subfield>
      <subfield code="t">Prince Caspian.</subfield>
      <subfield code="1">http://viaf.org/viaf/2620147270733935700007</subfield>
    </datafield>
    <datafield tag="700" ind1="1" ind2="2">
      <subfield code="a">Lewis, C S</subfield>
      <subfield code="d">1898-1963</subfield>
      <subfield code="l">English</subfield>
      <subfield code="q">(Clive Staples)</subfield>
      <subfield code="t">The Voyage of the Dawn Treader.</subfield>
      <subfield code="1">http://viaf.org/viaf/315663134</subfield>
    </datafield>
    <datafield tag="700" ind1="1" ind2="2">
      <subfield code="a">Lewis, C S</subfield>
      <subfield code="d">1898-1963</subfield>
      <subfield code="l">English</subfield>
      <subfield code="q">(Clive Staples)</subfield>
      <subfield code="t">The Silver Chair</subfield>
      <subfield code="1">http://viaf.org/viaf/1620145856999322920854</subfield>
    </datafield>
    <datafield tag="700" ind1="1" ind2="2">
      <subfield code="a">Lewis, C S</subfield>
      <subfield code="d">1898-1963</subfield>
      <subfield code="l">English</subfield>
      <subfield code="q">(Clive Staples)</subfield>
      <subfield code="t">The Last Battle</subfield>
      <!--<subfield code="1"> finner ikke permalink til The Last Battle i viaf</subfield>-->
    </datafield>
    <datafield tag="700" ind1="1" ind2="2">
      <subfield code="a">Lewis, C S</subfield>
      <subfield code="d">1898-1963</subfield>
      <subfield code="l">English</subfield>
      <subfield code="q">(Clive Staples)</subfield>
      <subfield code="t">On three ways of writing for children</subfield>
      <!--<subfield code="1"> finner ikke permalink til On three ways of writing for children i viaf</subfield>-->
    </datafield>
    <datafield tag="856" ind1="4" ind2="2">
      <subfield code="3">Publisher description</subfield>
      <subfield code="u">http://www.loc.gov/catdir/enhancements/fy0633/2004559868-d.html</subfield>
    </datafield>
    <datafield tag="856" ind1="4" ind2="2">
      <subfield code="3">Contributor biographical information</subfield>
      <subfield code="u">http://www.loc.gov/catdir/enhancements/fy0910/2004559868-b.html</subfield>
    </datafield>
  </record>