
  <record>
    <!--The Lion, the Witch and the Wardrobe- Lewis, C. S,  sound recording us library of congress -->
    <!--Noen utav de som er sound recordings er det vanskelig å vite om er opptak av lyd fra en film, eller om det det er lydbok eller hva det er. Hvordan jeg har tolket det har noe å si for om det er 100 eller 130 felt i posten. .-->
    <controlfield tag="001">12141790</controlfield>
    <controlfield tag="005">20000814143211.0</controlfield>
    <controlfield tag="007">ss|lsnjlcmnnue</controlfield>
    <controlfield tag="008">000814s           uun                   </controlfield>
    <datafield tag="010" ind1=" " ind2=" ">
      <subfield code="a"> 00584364 </subfield>
    </datafield>
    <datafield tag="040" ind1=" " ind2=" ">
      <subfield code="a">DLC</subfield>
      <subfield code="c">DLC</subfield>
    </datafield>
    <datafield tag="050" ind1="0" ind2="0">
      <subfield code="a">RZA 6238</subfield>
    </datafield>
    <datafield tag="130" ind1="1" ind2="0">
      <subfield code="a"> The lion the witch and the wardrobe</subfield>
      <subfield code="l">mul</subfield>
      <!--<subfield code="1">Finner ikke Permalink til sound recordings av The Lion, the Witch and the Wardrobe.</subfield>-->
    </datafield>
    <datafield tag="245" ind1="1" ind2="4">
      <subfield code="a">The lion the witch and the wardrobe</subfield>
      <subfield code="h">[sound recording] /</subfield>
      <subfield code="c">by C. S. Lewis.</subfield>
    </datafield>
    <datafield tag="300" ind1=" " ind2=" ">
      <subfield code="a">2 sound cassettes :</subfield>
      <subfield code="b">analog.</subfield>
    </datafield>
    <datafield tag="336" ind1=" " ind2=" ">
      <subfield code="b">sound</subfield>
      <subfield code="0">http://www.rdaregistry.info/termList/RDAContentType/#1012</subfield>
      <subfield code="2">rdacontent</subfield>
    </datafield>
    <datafield tag="337" ind1=" " ind2=" ">
      <subfield code="a">audio</subfield>
      <subfield code="0">http://www.rdaregistry.info/termList/RDAMediaType/#1001</subfield>
      <subfield code="2">rdamedia</subfield>
    </datafield>
    <datafield tag="338" ind1=" " ind2=" ">
      <subfield code="a">computer disc</subfield>
      <subfield code="1">http://rdaregistry.info/termList/RDACarrierType/1013</subfield>
      <subfield code="2">rdacarrier</subfield>
    </datafield>
    <datafield tag="380" ind1=" " ind2=" ">
      <subfield code="a">sound</subfield>
      <subfield code="1">http://id.loc.gov/vocabulary/marcgt/sou</subfield>
      <subfield code="2">marcgt</subfield>
    </datafield>
    <datafield tag="590" ind1=" " ind2=" ">
      <subfield code="a">For replacement by OCLC copy.</subfield>
    </datafield>
    <!--Jeg tolket denne som lydopptak av en film, og ikke lydbok, dette grunnet at det ikke står innførsel på Narrator-->
    <datafield tag="700" ind1=" " ind2=" ">
      <subfield code="a">Lewis, C S</subfield>
      <subfield code="d">1898-1963</subfield>
      <subfield code="i">has expression of work</subfield>
      <subfield code="t">The lion the witch and the wardrobe</subfield>
      <subfield code="1">http://viaf.org/viaf/179642103</subfield>
      <subfield code="4">http://rdaregistry.info/Elements/w/expressionOfWork.en</subfield>
    </datafield>
  </record>