
  <record>
    <!--The Horse and His Boy Lewis, C. S, eng US library of congress -->
    <leader>01125pam a2200289 a 4500</leader>
    <controlfield tag="001">499229</controlfield>
    <controlfield tag="005">19860808000000.0</controlfield>
    <controlfield tag="008">851129r1986    nyua   j      000 1 eng  </controlfield>
    <datafield tag="035" ind1=" " ind2=" ">
      <subfield code="9">(DLC) 85029978</subfield>
    </datafield>
    <datafield tag="010" ind1=" " ind2=" ">
      <subfield code="a"> 85029978 </subfield>
    </datafield>
    <datafield tag="020" ind1=" " ind2=" ">
      <subfield code="a">0020444109 (pbk.) :</subfield>
      <subfield code="c">$5.95</subfield>
    </datafield>
    <datafield tag="040" ind1=" " ind2=" ">
      <subfield code="a">DLC</subfield>
      <subfield code="c">DLC</subfield>
      <subfield code="d">DLC</subfield>
    </datafield>
    <datafield tag="041" ind1=" " ind2=" ">
      <subfield code="a">eng</subfield>
    </datafield>
    <datafield tag="042" ind1=" " ind2=" ">
      <subfield code="a">lcac</subfield>
    </datafield>
    <datafield tag="050" ind1="0" ind2="0">
      <subfield code="a">PZ7.L58474</subfield>
      <subfield code="b">Ho 1986</subfield>
    </datafield>
    <datafield tag="082" ind1="0" ind2="0">
      <subfield code="a">[Fic]</subfield>
      <subfield code="2">19</subfield>
    </datafield>
    <datafield tag="100" ind1="1" ind2=" ">
      <subfield code="a">Lewis, C S</subfield>
      <subfield code="d">1898-1963.</subfield>
      <subfield code="q">(Clive Staples)</subfield>
      <subfield code="4">aut</subfield>
      <subfield code="1">http://viaf.org/viaf/22144877</subfield>
    </datafield>
    <datafield tag="240" ind1="1" ind2="0">
      <subfield code="a"> The horse and his boy</subfield>
      <subfield code="l">English</subfield>
      <subfield code="1">http://viaf.org/viaf/1181145424674286830782</subfield>
    </datafield>
    <datafield tag="245" ind1="1" ind2="4">
      <subfield code="a">The horse and his boy /</subfield>
      <subfield code="c">C.S. Lewis ; illustrations by Pauline Baynes.</subfield>
    </datafield>
    <datafield tag="250" ind1=" " ind2=" ">
      <subfield code="a">1st Collier Books trade pbk. ed.</subfield>
    </datafield>
    <datafield tag="260" ind1=" " ind2=" ">
      <subfield code="a">New York :</subfield>
      <subfield code="b">Collier Books,</subfield>
      <subfield code="c">1986, c1954.</subfield>
    </datafield>
    <datafield tag="300" ind1=" " ind2=" ">
      <subfield code="a">194 p. :</subfield>
      <subfield code="b">ill. ;</subfield>
      <subfield code="c">21 cm.</subfield>
    </datafield>
    <datafield tag="336" ind1=" " ind2=" ">
      <subfield code="b">text</subfield>
      <subfield code="0">http://www.rdaregistry.info/termList/RDAContentType/#1020</subfield>
      <subfield code="2">rdacontent</subfield>
    </datafield>
    <datafield tag="337" ind1=" " ind2=" ">
      <subfield code="a">unmediated</subfield>
      <subfield code="0">http://rdaregistry.info/termList/RDAMediaType/1007</subfield>
      <subfield code="2">rdamedia</subfield>
    </datafield>
    <datafield tag="338" ind1=" " ind2=" ">
      <subfield code="a">volume</subfield>
      <subfield code="1"> http://www.rdaregistry.info/termList/RDACarrierType/#1049</subfield>
      <subfield code="2">rdacarrier</subfield>
    </datafield>
    <datafield tag="490" ind1="1" ind2=" ">
      <subfield code="a">The Chronicles of Narnia ;</subfield>
      <subfield code="v">bk. 5</subfield>
    </datafield>
    <datafield tag="520" ind1=" " ind2=" ">
      <subfield code="a">A boy and a talking horse share an adventurous and dangerous journey to
        Narnia to warn of invading barbarians.</subfield>
    </datafield>
    <datafield tag="650" ind1=" " ind2="1">
      <subfield code="a">Fantasy.</subfield>
    </datafield>
    <datafield tag="700" ind1="1" ind2=" ">
      <subfield code="a">Baynes, Pauline,</subfield>
      <subfield code="d">1922-2008</subfield>
      <subfield code="1">http://viaf.org/viaf/101872923</subfield>
      <subfield code="4">ill.</subfield>
      <datafield tag="700" ind1="1" ind2=" ">
        <subfield code="a">Lewis, C S,</subfield>
        <subfield code="d">1898-1963-</subfield>
        <subfield code="i"> preceded by work</subfield>
        <subfield code="t">The Lion, the Witch and the Wardrobe</subfield>
        <subfield code="1">http://viaf.org/viaf/179642103</subfield>
        <subfield code="4"> http://rdaregistry.info/Elements/w/precededByWork.en </subfield>
      </datafield>
    </datafield>
    <datafield tag="800" ind1="1" ind2=" ">
      <subfield code="a">Lewis, C. S.</subfield>
      <subfield code="q">(Clive Staples),</subfield>
      <subfield code="d">1898-1963.</subfield>
      <subfield code="t">Chronicles of Narnia (Collier Books (Firm)) ;</subfield>
      <subfield code="v">bk. 5.</subfield>
    </datafield>
  </record>