
  <record>
    <!--The Horse and His Boy Lewis, C. S,  sound recording US library of congress-->
    <leader>00837cim a22002655a 4500</leader>
    <controlfield tag="001">12601548</controlfield>
    <controlfield tag="005">20030526181729.0</controlfield>
    <controlfield tag="007">sd|zsngnnmmned</controlfield>
    <controlfield tag="008">011128s2000    xxunnn         f         </controlfield>
    <datafield tag="035" ind1=" " ind2=" ">
      <subfield code="a">(DLC) 2001575588</subfield>
    </datafield>
    <datafield tag="010" ind1=" " ind2=" ">
      <subfield code="a"> 2001575588</subfield>
    </datafield>
    <datafield tag="024" ind1="1" ind2=" ">
      <subfield code="a">700001007847</subfield>
    </datafield>
    <datafield tag="028" ind1="0" ind2="2">
      <subfield code="a">700001007847</subfield>
      <subfield code="b">Tydale Entertainment</subfield>
    </datafield>
    <datafield tag="035" ind1=" " ind2=" ">
      <subfield code="a">(DLC)12601548</subfield>
    </datafield>
    <datafield tag="040" ind1=" " ind2=" ">
      <subfield code="a">DLC</subfield>
      <subfield code="c">DLC</subfield>
    </datafield>
    <datafield tag="050" ind1="0" ind2="0">
      <subfield code="a">RZA 6577</subfield>
    </datafield>
    <datafield tag="100" ind1="1" ind2=" ">
      <subfield code="a">Lewis, C S</subfield>
      <subfield code="d">1898-1963.</subfield>
      <subfield code="q">(Clive Staples)</subfield>
      <subfield code="4">aut</subfield>
      <subfield code="1">http://viaf.org/viaf/22144877</subfield>
    </datafield>
    <datafield tag="245" ind1="1" ind2="4">
      <subfield code="a">The horse and his boy</subfield>
      <subfield code="h">[sound recording] /</subfield>
      <subfield code="c">by C.S. Lewis.</subfield>
    </datafield>
    <datafield tag="260" ind1=" " ind2=" ">
      <subfield code="a">[United States] :</subfield>
      <subfield code="b">Tydale Entertainment,</subfield>
      <subfield code="c">p2000.</subfield>
    </datafield>
    <datafield tag="300" ind1=" " ind2=" ">
      <subfield code="a">3 sound discs :</subfield>
      <subfield code="b">digital ;</subfield>
      <subfield code="c">4 3/4 in.</subfield>
    </datafield>
    <datafield tag="336" ind1=" " ind2=" ">
      <subfield code="b">sound</subfield>
      <subfield code="0">http://www.rdaregistry.info/termList/RDAContentType/#1012</subfield>
      <subfield code="2">rdacontent</subfield>
    </datafield>
    <datafield tag="337" ind1=" " ind2=" ">
      <subfield code="a">audio</subfield>
      <subfield code="0">http://www.rdaregistry.info/termList/RDAMediaType/#1001</subfield>
      <subfield code="2">rdamedia</subfield>
    </datafield>
    <datafield tag="338" ind1=" " ind2=" ">
      <subfield code="a">computer disc</subfield>
      <subfield code="1">http://rdaregistry.info/termList/RDACarrierType/1013</subfield>
      <subfield code="2">rdacarrier</subfield>
    </datafield>
    <datafield tag="380" ind1=" " ind2=" ">
      <subfield code="a">sound</subfield>
      <subfield code="1">http://id.loc.gov/vocabulary/marcgt/sou</subfield>
      <subfield code="2">marcgt</subfield>
    </datafield>
    <datafield tag="500" ind1=" " ind2=" ">
      <subfield code="a">Compact disc.</subfield>
    </datafield>
    <!--Jeg tolket denne som lydopptak av en film, og ikke lydbok, dette grunnet at det ikke står innførsel på Narrator-->
    <datafield tag="700" ind1=" " ind2=" ">
      <subfield code="a">Lewis, C S</subfield>
      <subfield code="d">1898-1963</subfield>
      <subfield code="i">has expression of work</subfield>
      <subfield code="t">The lion the witch and the wardrobe</subfield>
      <subfield code="1">http://viaf.org/viaf/179642103</subfield>
      <subfield code="4">http://rdaregistry.info/Elements/w/expressionOfWork.en</subfield>
    </datafield>
  </record>