
  <record>
    <!--Prince Caspian Lewis, C. S, DVD US library of congress  -->
    <leader>04102cgm a22007217a 4500</leader>
    <controlfield tag="001">15623178</controlfield>
    <controlfield tag="005">20120112134608.0</controlfield>
    <controlfield tag="007">mr c|bdf|nara||ac      </controlfield>
    <controlfield tag="007">co |ga||||||||</controlfield>
    <controlfield tag="007">co |g|||||||||</controlfield>
    <controlfield tag="008">090212s2008    xxu144            mleng  </controlfield>
    <datafield tag="906" ind1=" " ind2=" ">
      <subfield code="a">7</subfield>
      <subfield code="b">cbc</subfield>
      <subfield code="c">orignew</subfield>
      <subfield code="d">u</subfield>
      <subfield code="e">ncip</subfield>
      <subfield code="f">20</subfield>
      <subfield code="g">y-movingim</subfield>
    </datafield>
    <datafield tag="010" ind1=" " ind2=" ">
      <subfield code="a"> 2009591007</subfield>
    </datafield>
    <datafield tag="017" ind1=" " ind2=" ">
      <subfield code="a">PA0001612956</subfield>
      <subfield code="b">U.S. Copyright Office</subfield>
    </datafield>
    <datafield tag="040" ind1=" " ind2=" ">
      <subfield code="a">DLC</subfield>
      <subfield code="c">DLC</subfield>
      <subfield code="d">DLC</subfield>
      <subfield code="e">amim</subfield>
      <subfield code="d">DLC</subfield>
    </datafield>
    <datafield tag="050" ind1="0" ind2="0">
      <subfield code="a">CGE 3401-3409 (viewing print)</subfield>
    </datafield>
    <datafield tag="050" ind1="0" ind2="0">
      <subfield code="a">DVB 6001 (track)</subfield>
    </datafield>
    <datafield tag="050" ind1="0" ind2="0">
      <subfield code="a">DVB 6002 (track)</subfield>
    </datafield>
    <datafield tag="130" ind1="1" ind2="0">
      <subfield code="a"> The chronicles of Narnia, Prince Caspian </subfield>
      <subfield code="l">mul</subfield>
      <subfield code="1"> http://viaf.org/viaf/179305775</subfield>
    </datafield>
    <datafield tag="245" ind1="1" ind2="4">
      <subfield code="a">The chronicles of Narnia, Prince Caspian /</subfield>
      <subfield code="c">a Mark Johnson/Silverbell Films production ; Walt Disney Pictures and
        Walden Media, LLC ; directed by Andrew Adamson ; produced by Mark Johnson, Andrew Adamson,
        Philip Steuer ; screenplay, Andrew Adamson &amp; Christopher Markus &amp; Stephen
        McFeely.</subfield>
    </datafield>
    <datafield tag="246" ind1="3" ind2="0">
      <subfield code="a">Prince Caspian</subfield>
    </datafield>
    <datafield tag="257" ind1=" " ind2=" ">
      <subfield code="a">United States.</subfield>
    </datafield>
    <datafield tag="260" ind1=" " ind2=" ">
      <subfield code="a">United States :</subfield>
      <subfield code="b">Walt Disney Studios Motion Pictures,</subfield>
      <subfield code="c">2008.</subfield>
    </datafield>
    <datafield tag="300" ind1=" " ind2=" ">
      <subfield code="3">viewing print.</subfield>
      <subfield code="a">17 film reels of 17 on 9 (ca. 144 min., ca. 12,960 ft.) :</subfield>
      <subfield code="b">sd. sd. (opt, Dolby SR, digital, Dolby SRD, SDDS), col. ;</subfield>
      <subfield code="c">35 mm.</subfield>
    </datafield>
    <datafield tag="300" ind1=" " ind2=" ">
      <subfield code="3">track.</subfield>
      <subfield code="a">2 CD-ROMs (ca. 144 min.) :</subfield>
      <subfield code="b">sd. (digital, DTS) ;</subfield>
      <subfield code="c">4 3/4 in.</subfield>
    </datafield>
    <datafield tag="300" ind1=" " ind2=" ">
      <subfield code="3">track.</subfield>
      <subfield code="a">1 CD-ROM :</subfield>
      <subfield code="b">sd. (digital, DTS Access) ;</subfield>
      <subfield code="c">4 3/4 in.</subfield>
    </datafield>
    <datafield tag="336" ind1=" " ind2=" ">
      <subfield code="b">Two dimensional moving image</subfield>
      <subfield code="0">http://rdaregistry.info/termList/RDAContentType/102</subfield>
      <subfield code="2">rdacontent</subfield>
    </datafield>
    <datafield tag="337" ind1=" " ind2=" ">
      <subfield code="a">video</subfield>
      <subfield code="0">http://www.rdaregistry.info/termList/RDAMediaType/#1008 </subfield>
      <subfield code="2">rdamedia</subfield>
    </datafield>
    <datafield tag="338" ind1=" " ind2=" ">
      <subfield code="b">nc</subfield>
      <subfield code="2">rdacarrier</subfield>
    </datafield>
    <datafield tag="380" ind1=" " ind2=" ">
      <subfield code="a">motion picture</subfield>
      <subfield code="1">http://id.loc.gov/vocabulary/marcgt/mot</subfield>
      <subfield code="2">marcgt</subfield>
    </datafield>
    <datafield tag="500" ind1=" " ind2=" ">
      <subfield code="a">Copyright Claimant: Disney Enterprises, Inc.; Walden Media, LLC. Basis of
        Claim: NM: new motion picture. Date of Creation: 2008; Date of Publication: 2008-05-16;
        Registration Number / Date: PA0001612956 / 2008-06-13.</subfield>
    </datafield>
    <datafield tag="508" ind1=" " ind2=" ">
      <subfield code="a">Executive producer, Perry Moore ; camera, Karl Walter Lindenlaub ; editor,
        Sim Evan Jones ; music, Harry Gregson-Williams ; production designer, Roger Ford ; sound,
        Tony Johnson ; visual effects supervisors, Dean Wright, Wendy Rogers.</subfield>
    </datafield>
    <datafield tag="511" ind1="1" ind2=" ">
      <subfield code="a">Ben Barnes, Georgie Henley, Skandar Keynes, William Moseley, Anna
        Popplewell, Sergio Castellitto, Tilda Swinton.</subfield>
    </datafield>
    <datafield tag="511" ind1="0" ind2=" ">
      <subfield code="a">Voices: Liam Neeson, Eddie Izzard.</subfield>
    </datafield>
    <datafield tag="520" ind1=" " ind2=" ">
      <subfield code="a">The four Pevensie children--Lucy, Edmund, Peter, and Susan--return to the
        magical realm of Narnia, where they are enlisted to once again help ward off an evil ruler
        and restore the rightful heir to the land's throne, Prince Caspian.</subfield>
    </datafield>
    <datafield tag="500" ind1=" " ind2=" ">
      <subfield code="a">Summary derived from Internet movie database WWW site, viewed Feb. 12,
        2009.</subfield>
    </datafield>
    <datafield tag="500" ind1=" " ind2=" ">
      <subfield code="a">Based on the book by C.S. Lewis.</subfield>
    </datafield>
    <datafield tag="500" ind1=" " ind2=" ">
      <subfield code="a">CD-ROMs may contain additional tracks for short films, trailers, and other
        promotional content.</subfield>
    </datafield>
    <datafield tag="500" ind1=" " ind2=" ">
      <subfield code="a">DTS Access disc contains open captions, closed captions, and audio
        description.</subfield>
    </datafield>
    <datafield tag="538" ind1=" " ind2=" ">
      <subfield code="a">System requirements for CD-ROMs: DTS digital playback system, DTS cinema
        subtitling system.</subfield>
    </datafield>
    <datafield tag="500" ind1=" " ind2=" ">
      <subfield code="a">Not viewed.</subfield>
    </datafield>
    <datafield tag="500" ind1=" " ind2=" ">
      <subfield code="a">Sources used: Variety, May 19, 2008; Index to motion picture credits WWW
        site, viewed Feb. 12, 2009; Copyright staff catalog online.</subfield>
    </datafield>
    <datafield tag="541" ind1=" " ind2=" ">
      <subfield code="3">viewing print and tracks;</subfield>
      <subfield code="d">Received: 2009-01-16;</subfield>
      <subfield code="c">copyright deposit;</subfield>
      <subfield code="a">Copyright Collection.</subfield>
    </datafield>
    <datafield tag="650" ind1=" " ind2="0">
      <subfield code="a">Narnia (Imaginary place)</subfield>
    </datafield>
    <datafield tag="650" ind1=" " ind2="0">
      <subfield code="a">Brothers and sisters</subfield>
      <subfield code="v">Drama.</subfield>
    </datafield>
    <datafield tag="650" ind1=" " ind2="0">
      <subfield code="a">Imaginary wars and battles</subfield>
      <subfield code="v">Drama.</subfield>
    </datafield>
    <datafield tag="655" ind1=" " ind2="7">
      <subfield code="a">Feature films.</subfield>
      <subfield code="2">lcgft</subfield>
    </datafield>
    <datafield tag="655" ind1=" " ind2="7">
      <subfield code="a">Fiction films.</subfield>
      <subfield code="2">lcgft</subfield>
    </datafield>
    <datafield tag="655" ind1=" " ind2="7">
      <subfield code="a">Fantasy films.</subfield>
      <subfield code="2">lcgft</subfield>
    </datafield>
    <datafield tag="655" ind1=" " ind2="7">
      <subfield code="a">Children's films.</subfield>
      <subfield code="2">lcgft</subfield>
    </datafield>
    <datafield tag="655" ind1=" " ind2="7">
      <subfield code="a">Action and adventure films.</subfield>
      <subfield code="2">lcgft</subfield>
    </datafield>
    <datafield tag="700" ind1="1" ind2=" ">
      <subfield code="a">Lewis, C S,</subfield>
      <subfield code="d">1898-1963-</subfield>
      <subfield code="i"> preceded by work </subfield>
      <subfield code="t">The lion the witch and the wardrobe</subfield>
      <subfield code="1">http://viaf.org/viaf/178884278 </subfield>
      <subfield code="4"> http://rdaregistry.info/Elements/w/precededByWork.en </subfield>
    </datafield>
    <datafield tag="700" ind1="1" ind2=" ">
      <subfield code="a">Adamson, Andrew,</subfield>
      <subfield code="d">1966</subfield>
      <subfield code="1">http://viaf.org/viaf/101872923</subfield>
      <subfield code="4">drt,</subfield>
      <subfield code="4">prd,</subfield>
      <subfield code="4">aus.</subfield>
    </datafield>
    <datafield tag="700" ind1="1" ind2=" ">
      <subfield code="a">Johnson, Mark,</subfield>
      <subfield code="d">1945-</subfield>
      <subfield code="1">http://viaf.org/viaf/31502957</subfield>
      <subfield code="4">drt.</subfield>
    </datafield>
    <datafield tag="700" ind1="1" ind2=" ">
      <subfield code="a">Steuer, Philip,</subfield>
      <subfield code="1">http://viaf.org/viaf/275031535</subfield>
      <subfield code="4">drt.</subfield>
    </datafield>
    <datafield tag="700" ind1="1" ind2=" ">
      <subfield code="a">Peacock, Ann,</subfield>
      <subfield code="d">1945-</subfield>
      <subfield code="1"> http://viaf.org/viaf/27274576</subfield>
      <subfield code="4">aus.</subfield>
    </datafield>
    <datafield tag="700" ind1="1" ind2=" ">
      <subfield code="a">Markus, Christopher,</subfield>
      <subfield code="1">http://viaf.org/viaf/71675957</subfield>
      <subfield code="4">aus</subfield>
    </datafield>
    <datafield tag="700" ind1="1" ind2=" ">
      <subfield code="a">McFeely, Stephen,</subfield>
      <subfield code="1">http://viaf.org/viaf/10129344</subfield>
      <subfield code="4">aus.</subfield>
    </datafield>
    <datafield tag="700" ind1="1" ind2=" ">
      <subfield code="a">Barnes, Ben,</subfield>
      <subfield code="d">1981-</subfield>
      <subfield code="1"> http://viaf.org/viaf/50206336</subfield>
      <subfield code="4">cas.</subfield>
    </datafield>
    <datafield tag="700" ind1="1" ind2=" ">
      <subfield code="a">Henley, Georgie,</subfield>
      <subfield code="d">1995.-</subfield>
      <subfield code="1"> http://viaf.org/viaf/15068026</subfield>
      <subfield code="4">cas.</subfield>
    </datafield>
    <datafield tag="700" ind1="1" ind2=" ">
      <subfield code="a">Keynes, Skandar,</subfield>
      <subfield code="d">1991.-</subfield>
      <subfield code="1">http://viaf.org/viaf/54443933</subfield>
      <subfield code="4">cas.</subfield>
    </datafield>
    <datafield tag="700" ind1="1" ind2=" ">
      <subfield code="a">Moseley, William,</subfield>
      <subfield code="d">1987.-</subfield>
      <subfield code="1">http://viaf.org/viaf/16973711</subfield>
      <subfield code="d">1987-</subfield>
      <subfield code="4">cas.</subfield>
    </datafield>
    <datafield tag="700" ind1="1" ind2=" ">
      <subfield code="a">Popplewell, Anna,</subfield>
      <subfield code="1">http://viaf.org/viaf/46513583</subfield>
      <subfield code="d">1988-</subfield>
      <subfield code="4">cas.</subfield>
    </datafield>
    <datafield tag="700" ind1="1" ind2=" ">
      <subfield code="a">Swinton, Tilda,</subfield>
      <subfield code="d">1960-</subfield>
      <subfield code="1">http://viaf.org/viaf/117443790</subfield>
      <subfield code="4">cas.</subfield>
    </datafield>
    <datafield tag="700" ind1="1" ind2=" ">
      <subfield code="a">Neeson, Liam,</subfield>
      <subfield code="1">http://viaf.org/viaf/117439076</subfield>
      <subfield code="4">vac.</subfield>
    </datafield>
    <datafield tag="700" ind1="1" ind2=" ">
      <subfield code="a">Lewis, C. S.</subfield>
      <subfield code="q">(Clive Staples),</subfield>
      <subfield code="d">1898-1963.</subfield>
      <subfield code="i">Adaptation of work</subfield>
      <subfield code="t">Prince Caspian.</subfield>
      <subfield code="1"> http://viaf.org/viaf/2620147270733935700007</subfield>
      <subfield code="4">http://rdaregistry.info/Elements/w/adaptationOfWork.en</subfield>
    </datafield>
    <datafield tag="710" ind1="2" ind2=" ">
      <subfield code="a">Copyright Collection (Library of Congress)</subfield>
      <subfield code="5">DLC</subfield>
    </datafield>
  </record>