
  <record>
    <!--The voyage of the Dawn Treader Lewis, C. S,  sound recording - sound track film US library of congress -->
    <leader>02174cjm a22003133a 4500</leader>
    <controlfield tag="001">20378076</controlfield>
    <controlfield tag="005">20180227095050.0</controlfield>
    <controlfield tag="007">sd fsngnnzmned</controlfield>
    <controlfield tag="008">180226s2011    xx mpn|           | zxx  </controlfield>
    <datafield tag="010" ind1=" " ind2=" ">
      <subfield code="a"> 2018618111</subfield>
    </datafield>
    <datafield tag="028" ind1="0" ind2="2">
      <subfield code="a">35562</subfield>
      <subfield code="b">Cherry Lane</subfield>
    </datafield>
    <datafield tag="028" ind1="0" ind2="2">
      <subfield code="a">35563</subfield>
      <subfield code="b">Cherry lane</subfield>
    </datafield>
    <datafield tag="040" ind1=" " ind2=" ">
      <subfield code="a">DLC</subfield>
      <subfield code="c">DLC</subfield>
    </datafield>
    <datafield tag="050" ind1="0" ind2="0">
      <subfield code="a">ICD 92179, etc.</subfield>
    </datafield>
    <datafield tag="130" ind1="1" ind2="0">
      <subfield code="a"> The voyage of the Dawn Treader</subfield>
      <subfield code="l">mul</subfield>
      <!--<subfield code="1">Finner ikke Permalink til sound recordings av The voyage of the Dawn Treader</subfield>-->
    </datafield>
    <datafield tag="245" ind1="0" ind2="4">
      <subfield code="a">The chronicles of Narnia.</subfield>
      <subfield code="p">The voyage of the Dawn Treader</subfield>
      <subfield code="h">[sound recording] :</subfield>
      <subfield code="b">music.</subfield>
    </datafield>
    <datafield tag="260" ind1=" " ind2=" ">
      <subfield code="a">[s.l.] :</subfield>
      <subfield code="b">Cherry Lane :</subfield>
      <subfield code="b">Walden Media,</subfield>
      <subfield code="c">[2011]</subfield>
    </datafield>
    <datafield tag="300" ind1=" " ind2=" ">
      <subfield code="a">2 sound discs :</subfield>
      <subfield code="b">digital ;</subfield>
      <subfield code="c">4 3/4 in.</subfield>
    </datafield>
    <datafield tag="336" ind1=" " ind2=" ">
      <subfield code="b">sound</subfield>
      <subfield code="0">http://www.rdaregistry.info/termList/RDAContentType/#1012</subfield>
      <subfield code="2">rdacontent</subfield>
    </datafield>
    <datafield tag="337" ind1=" " ind2=" ">
      <subfield code="a">audio</subfield>
      <subfield code="0">http://www.rdaregistry.info/termList/RDAMediaType/#1001</subfield>
      <subfield code="2">rdamedia</subfield>
    </datafield>
    <datafield tag="338" ind1=" " ind2=" ">
      <subfield code="a">computer disc</subfield>
      <subfield code="1">http://rdaregistry.info/termList/RDACarrierType/1013</subfield>
      <subfield code="2">rdacarrier</subfield>
    </datafield>
    <datafield tag="380" ind1=" " ind2=" ">
      <subfield code="a">sound</subfield>
      <subfield code="1">http://id.loc.gov/vocabulary/marcgt/sou</subfield>
      <subfield code="2">marcgt</subfield>
    </datafield>
    <datafield tag="511" ind1="0" ind2=" ">
      <subfield code="a">Performers not identified.</subfield>
    </datafield>
    <datafield tag="500" ind1=" " ind2=" ">
      <subfield code="a">"28Jan11."</subfield>
    </datafield>
    <datafield tag="500" ind1=" " ind2=" ">
      <subfield code="a">"Stereo mix down."</subfield>
    </datafield>
    <datafield tag="500" ind1=" " ind2=" ">
      <subfield code="a">Recordable compact discs.</subfield>
    </datafield>
    <datafield tag="505" ind1="0" ind2=" ">
      <subfield code="a">disc 1, reels 1 to 4. Opening -- Eric Coates radio source (NOP) -- Painting
        -- Narnia and state room (NOP) -- Lords and swords -- Reepicheep theme and Caspian and
        Edmund duel -- Arriving Lone Islands -- Where is everybody -- Bell tower -- Lord Bern cell
        -- The green mist -- Market fight -- The first sword -- Eustace on deck -- Eustace stealing
        -- Reep Eustace duel -- Travel to magician's island -- Lucy kidnapped magician's mansion --
        Lucy and the book in incantations -- Bad spell -- Dufflepuds -- Coriakin and the map --
        Lucys transformation -- In the mood (NOP) -- Aslan appears to Lucy (NOP) -- Green mist and
        the witch -- Mutiny averted -- Golden cavern Edmund succumbs -- Eustace finds the treasure.
        --</subfield>
    </datafield>
    <datafield tag="505" ind1="0" ind2=" ">
      <subfield code="a">disc 2, reels 5 to 7. Edmund and Caspian look for Eustace -- Dragon --
        Under the stars -- The blue star -- Towing the treader -- Aslans table, the lords --
        Liliandill and dark island -- Calm before the storm and have courage Eustace -- Caspian's
        speech -- Lord, mist monster -- Battle part 1 -- Battle part 2 -- Battle part 3 -- Narnian's
        return -- Goodby Reepicheap -- Goodby to Narnia -- There's a place for us -- End credit
        score.</subfield>
    </datafield>
    <datafield tag="500" ind1=" " ind2=" ">
      <subfield code="a">Brief record.</subfield>
    </datafield>
    <datafield tag="650" ind1=" " ind2="0">
      <subfield code="a">Motion picture music.</subfield>
    </datafield>
    <datafield tag="700" ind1=" " ind2=" ">
      <subfield code="a">Lewis, C S</subfield>
      <subfield code="d">1898-1963</subfield>
      <subfield code="i">has expression of work</subfield>
      <subfield code="t">The lion the witch and the wardrobe</subfield>
      <subfield code="1">http://viaf.org/viaf/179642103</subfield>
      <subfield code="4">http://rdaregistry.info/Elements/w/expressionOfWork.en</subfield>
    </datafield>
    <datafield tag="730" ind1="0" ind2=" ">
      <subfield code="a">Chronicles of Narnia, the voyage of the Dawn Treader (Motion
        picture)</subfield>
    </datafield>
  </record>