
  <record>
    <!--The voyager of the Dawn Treader  Lewis, C. S, eng US library of congress  -->
    <leader>01267cam a22002893a 4500</leader>
    <controlfield tag="001">13719576</controlfield>
    <controlfield tag="005">20061228080037.0</controlfield>
    <controlfield tag="008">040915s2005    nyu           000 1 eng d</controlfield>
    <datafield tag="010" ind1=" " ind2=" ">
      <subfield code="a"> 2004113554</subfield>
    </datafield>
    <datafield tag="020" ind1=" " ind2=" ">
      <subfield code="a">0060764945 (pbk.)</subfield>
    </datafield>
    <datafield tag="035" ind1=" " ind2=" ">
      <subfield code="a">(OCoLC)ocm61155170</subfield>
    </datafield>
    <datafield tag="040" ind1=" " ind2=" ">
      <subfield code="a">IVJ</subfield>
      <subfield code="c">IVJ</subfield>
      <subfield code="d">OCLCQ</subfield>
      <subfield code="d">BAKER</subfield>
      <subfield code="d">UNA</subfield>
      <subfield code="d">DLC</subfield>
    </datafield>
    <datafield tag="041" ind1=" " ind2=" ">
      <subfield code="a">eng</subfield>
    </datafield>
    <datafield tag="050" ind1="0" ind2="0">
      <subfield code="a">MLCS 2006/43935 (P)</subfield>
    </datafield>
    <datafield tag="097" ind1="1" ind2="4">
      <subfield code="a">PR6023.E926</subfield>
      <subfield code="b">V69 2005</subfield>
    </datafield>
    <datafield tag="100" ind1="1" ind2=" ">
      <subfield code="a">Lewis, C S</subfield>
      <subfield code="d">1898-1963.</subfield>
      <subfield code="q">(Clive Staples)</subfield>
      <subfield code="4">aut</subfield>
      <subfield code="1">http://viaf.org/viaf/22144877</subfield>
    </datafield>
    <datafield tag="240" ind1="1" ind2="0">
      <subfield code="a"> The voyage of the Dawn Treader </subfield>
      <subfield code="l">English</subfield>
      <subfield code="1">http://viaf.org/viaf/315663134</subfield>
    </datafield>
    <datafield tag="245" ind1="1" ind2="4">
      <subfield code="a">The voyage of the Dawn Treader /</subfield>
      <subfield code="c">C.S. Lewis.</subfield>
    </datafield>
    <datafield tag="260" ind1=" " ind2=" ">
      <subfield code="a">New York :</subfield>
      <subfield code="b">HarperCollins,</subfield>
      <subfield code="c">[2005]</subfield>
    </datafield>
    <datafield tag="300" ind1=" " ind2=" ">
      <subfield code="a">274, 34 p. ;</subfield>
      <subfield code="c">21 cm.</subfield>
    </datafield>
    <datafield tag="336" ind1=" " ind2=" ">
      <subfield code="b">text</subfield>
      <subfield code="0">http://www.rdaregistry.info/termList/RDAContentType/#1020</subfield>
      <subfield code="2">rdacontent</subfield>
    </datafield>
    <datafield tag="337" ind1=" " ind2=" ">
      <subfield code="a">unmediated</subfield>
      <subfield code="0">http://rdaregistry.info/termList/RDAMediaType/1007</subfield>
      <subfield code="2">rdamedia</subfield>
    </datafield>
    <datafield tag="338" ind1=" " ind2=" ">
      <subfield code="a">volume</subfield>
      <subfield code="1"> http://www.rdaregistry.info/termList/RDACarrierType/#1049</subfield>
      <subfield code="2">rdacarrier</subfield>
    </datafield>
    <datafield tag="380" ind1=" " ind2=" ">
      <subfield code="a">book</subfield>
      <subfield code="1">http://id.loc.gov/vocabulary/marcgt/boo</subfield>
      <subfield code="2">marcgt</subfield>
    </datafield>
    <datafield tag="500" ind1=" " ind2=" ">
      <subfield code="a">Includes bonus excerpts.</subfield>
    </datafield>
    <datafield tag="650" ind1=" " ind2="0">
      <subfield code="a">Narnia (Imaginary place)</subfield>
      <subfield code="v">Fiction.</subfield>
    </datafield>
    <datafield tag="655" ind1=" " ind2="0">
      <subfield code="a">Fantasy fiction.</subfield>
    </datafield>
    <datafield tag="700" ind1="1" ind2=" ">
      <subfield code="a">Lewis, C S,</subfield>
      <subfield code="d">1898-1963-</subfield>
      <subfield code="i"> preceded by work </subfield>
      <subfield code="t">Prince Caspian.</subfield>
      <subfield code="1">http://viaf.org/viaf/2620147270733935700007</subfield>
      <subfield code="4"> http://rdaregistry.info/Elements/w/precededByWork.en </subfield>
    </datafield>
    <datafield tag="800" ind1="1" ind2=" ">
      <subfield code="a">Lewis, C. S.</subfield>
      <subfield code="q">(Clive Staples),</subfield>
      <subfield code="d">1898-1963.</subfield>
      <subfield code="t">Chronicles of Narnia (HarperCollins (Firm) : 2005) ;</subfield>
      <subfield code="v">bk. 5.</subfield>
    </datafield>
    <datafield tag="856" ind1="4" ind2="2">
      <subfield code="3">Publisher description</subfield>
      <subfield code="u">http://www.loc.gov/catdir/enhancements/fy0633/2004113554-d.html</subfield>
    </datafield>
  </record>