
  <record>
    <!--The fall Hogan, Chuck eng US library of congress -->
    <leader>01740cam a2200385 a 4500</leader>
    <controlfield tag="001">16113550</controlfield>
    <controlfield tag="005">20140919141525.0</controlfield>
    <controlfield tag="008">100301s2010    nyu           000 f eng  </controlfield>
    <datafield tag="906" ind1=" " ind2=" ">
      <subfield code="a">7</subfield>
      <subfield code="b">cbc</subfield>
      <subfield code="c">orignew</subfield>
      <subfield code="d">1</subfield>
      <subfield code="e">ecip</subfield>
      <subfield code="f">20</subfield>
      <subfield code="g">y-gencatlg</subfield>
    </datafield>
    <datafield tag="925" ind1="0" ind2=" ">
      <subfield code="a">acquire</subfield>
      <subfield code="b">1 shelf copy</subfield>
      <subfield code="x">policy default</subfield>
    </datafield>
    <datafield tag="010" ind1=" " ind2=" ">
      <subfield code="a"> 2010007140</subfield>
    </datafield>
    <datafield tag="020" ind1=" " ind2=" ">
      <subfield code="a">9780061558221</subfield>
    </datafield>
    <datafield tag="020" ind1=" " ind2=" ">
      <subfield code="a">0061558222</subfield>
    </datafield>
    <datafield tag="035" ind1=" " ind2=" ">
      <subfield code="a">(OCoLC)ocn316832942</subfield>
    </datafield>
    <datafield tag="040" ind1=" " ind2=" ">
      <subfield code="a">DLC</subfield>
      <subfield code="c">DLC</subfield>
      <subfield code="d">YDX</subfield>
      <subfield code="d">BTCTA</subfield>
      <subfield code="d">YDXCP</subfield>
      <subfield code="d">UPZ</subfield>
      <subfield code="d">JST</subfield>
      <subfield code="d">ABG</subfield>
      <subfield code="d">VP@</subfield>
      <subfield code="d">ILC</subfield>
      <subfield code="d">CDX</subfield>
      <subfield code="d">HBP</subfield>
      <subfield code="d">DLC</subfield>
    </datafield>
    <datafield tag="041" ind1=" " ind2=" ">
      <subfield code="a">eng</subfield>
    </datafield>
    <datafield tag="043" ind1=" " ind2=" ">
      <subfield code="a">n-us-ny</subfield>
    </datafield>
    <datafield tag="050" ind1="0" ind2="0">
      <subfield code="a">PS3620.O5875</subfield>
      <subfield code="b">F35 2010</subfield>
    </datafield>
    <datafield tag="082" ind1="0" ind2="0">
      <subfield code="a">813/.6</subfield>
      <subfield code="2">22</subfield>
    </datafield>
    <datafield tag="100" ind1="1" ind2=" ">
      <subfield code="a">Toro, Guillermo del</subfield>
      <subfield code="d">1964-</subfield>
      <subfield code="1">http://viaf.org/viaf/84318163</subfield>
      <subfield code="4">aut</subfield>
    </datafield>
    <datafield tag="240" ind1="1" ind2="0">
      <subfield code="a"> The Fall </subfield>
      <subfield code="l">English</subfield>
      <subfield code="1">http://viaf.org/viaf/5727151051955033530001</subfield>
    </datafield>
    <datafield tag="245" ind1="1" ind2="4">
      <subfield code="a">The fall /</subfield>
      <subfield code="c">Guillermo Del Toro and Chuck Hogan.</subfield>
    </datafield>
    <datafield tag="250" ind1=" " ind2=" ">
      <subfield code="a">1st ed.</subfield>
    </datafield>
    <datafield tag="260" ind1=" " ind2=" ">
      <subfield code="a">New York :</subfield>
      <subfield code="b">William Morrow,</subfield>
      <subfield code="c">c2010.</subfield>
    </datafield>
    <datafield tag="300" ind1=" " ind2=" ">
      <subfield code="a">308 p. ;</subfield>
      <subfield code="c">24 cm.</subfield>
    </datafield>
    <datafield tag="336" ind1=" " ind2=" ">
      <subfield code="a">text</subfield>
      <subfield code="1">http://www.rdaregistry.info/termList/RDAContentType/#1020</subfield>
      <subfield code="2">rdacontent</subfield>
    </datafield>
    <datafield tag="337" ind1=" " ind2=" ">
      <subfield code="a">unmediated</subfield>
      <subfield code="1">http://rdaregistry.info/termList/RDAMediaType/1007</subfield>
      <subfield code="2">rdamedia</subfield>
    </datafield>
    <datafield tag="338" ind1=" " ind2=" ">
      <subfield code="a">volume</subfield>
      <subfield code="1"> http://www.rdaregistry.info/termList/RDACarrierType/#1049</subfield>
      <subfield code="2">rdacarrier</subfield>
    </datafield>
    <datafield tag="380" ind1=" " ind2=" ">
      <subfield code="a">book</subfield>
      <subfield code="1">http://id.loc.gov/vocabulary/marcgt/boo</subfield>
      <subfield code="2">marcgt</subfield>
    </datafield>
    <datafield tag="490" ind1="1" ind2=" ">
      <subfield code="a">The strain trilogy ;</subfield>
      <subfield code="v">bk. 2</subfield>
    </datafield>
    <datafield tag="520" ind1=" " ind2=" ">
      <subfield code="a">Last week the vampiric virus invaded Manhattan. This week-- the world! Eph
        and his small team set out to stop these bloodthirsty monsters-- while his now blood-crazed
        ex-wife is stalking the city, looking for their young son.</subfield>
    </datafield>
    <datafield tag="650" ind1=" " ind2="0">
      <subfield code="a">Vampires</subfield>
      <subfield code="v">Fiction.</subfield>
    </datafield>
    <datafield tag="651" ind1=" " ind2="0">
      <subfield code="a">New York (N.Y.)</subfield>
      <subfield code="v">Fiction.</subfield>
    </datafield>
    <datafield tag="650" ind1=" " ind2="0">
      <subfield code="a">Suspense fiction.</subfield>
      <subfield code="2">gsafd</subfield>
    </datafield>
    <datafield tag="655" ind1=" " ind2="7">
      <subfield code="a">Suspense fiction.</subfield>
      <subfield code="2">gsafd</subfield>
    </datafield>
    <datafield tag="700" ind1="1" ind2=" ">
      <subfield code="a">Hogan, Chuck</subfield>
      <subfield code="d">1967--</subfield>
      <subfield code="1">Permalink: http://viaf.org/viaf/79369466</subfield>
      <subfield code="4">aut</subfield>
    </datafield>
    <datafield tag="700" ind1="1" ind2=" ">
      <subfield code="a">Toro, Guillermo del,</subfield>
      <subfield code="d">1964-</subfield>
      <subfield code="i"> Preceded by work</subfield>
      <subfield code="t">The Strain</subfield>
      <!--<subfield code="1">Finner ikke Permalink til The Strain i Viaf</subfield>-->
      <subfield code="4"> http://rdaregistry.info/Elements/w/precededByWork.en </subfield>
    </datafield>
    <datafield tag="800" ind1="1" ind2=" ">
      <subfield code="a">Toro, Guillermo del,</subfield>
      <subfield code="d">1964-</subfield>
      <subfield code="t">Strain trilogy ;</subfield>
      <subfield code="v">bk. 2.</subfield>
    </datafield>
    <datafield tag="856" ind1="4" ind2="2">
      <subfield code="3">Contributor biographical information</subfield>
      <subfield code="u">http://www.loc.gov/catdir/enhancements/fy1109/2010007140-b.html</subfield>
    </datafield>
    <datafield tag="856" ind1="4" ind2="2">
      <subfield code="3">Publisher description</subfield>
      <subfield code="u">http://www.loc.gov/catdir/enhancements/fy1109/2010007140-d.html</subfield>
    </datafield>
  </record>