
  <!-- --> !-- C.S Lewis --&gt;
  <record>
    <!--The complete chronicles of Narnia  Lewis, C. S, eng The British library -->
    <leader>01147pam a2200349 a 4500</leader>
    <controlfield tag="001">013499438</controlfield>
    <controlfield tag="003">Uk</controlfield>
    <controlfield tag="005">20071018154918.0</controlfield>
    <controlfield tag="008">060622r20061998enka   j      000 1 eng  </controlfield>
    <datafield tag="015" ind1=" " ind2=" ">
      <subfield code="a">GBA657083</subfield>
      <subfield code="2">bnb</subfield>
    </datafield>
    <datafield tag="016" ind1="7" ind2=" ">
      <subfield code="a">013499438</subfield>
      <subfield code="2">Uk</subfield>
    </datafield>
    <datafield tag="020" ind1=" " ind2=" ">
      <subfield code="a">9780007241897 (cased) :</subfield>
      <subfield code="c">£50.00</subfield>
    </datafield>
    <datafield tag="020" ind1=" " ind2=" ">
      <subfield code="a">0007241895 (cased) :</subfield>
      <subfield code="c">£50.00</subfield>
    </datafield>
    <datafield tag="040" ind1=" " ind2=" ">
      <subfield code="a">StDuBDS</subfield>
      <subfield code="b">eng</subfield>
      <subfield code="c">StDuBDS</subfield>
      <subfield code="d">Uk</subfield>
    </datafield>
    <datafield tag="041" ind1=" " ind2=" ">
      <subfield code="a">eng</subfield>
    </datafield>
    <datafield tag="042" ind1=" " ind2=" ">
      <subfield code="a">ukblsr</subfield>
    </datafield>
    <datafield tag="082" ind1="0" ind2="4">
      <subfield code="a">823.912</subfield>
      <subfield code="2">22</subfield>
    </datafield>
    <datafield tag="100" ind1="1" ind2=" ">
      <subfield code="a">Lewis, C S</subfield>
      <subfield code="d">1898-1963.</subfield>
      <subfield code="q">(Clive Staples)</subfield>
      <subfield code="4">aut</subfield>
      <subfield code="1">http://viaf.org/viaf/22144877</subfield>
    </datafield>
    <datafield tag="240" ind1="1" ind2="0">
      <subfield code="a"> The Magician's Nephew </subfield>
      <subfield code="l">Engelish</subfield>
      <subfield code="1">http://viaf.org/viaf/316392414</subfield>
    </datafield>
    <datafield tag="245" ind1="1" ind2="4">
      <subfield code="a">The complete chronicles of Narnia /</subfield>
      <subfield code="c">C.S. Lewis ; illustrated by Pauline Baynes.</subfield>
    </datafield>
    <datafield tag="250" ind1=" " ind2=" ">
      <subfield code="a">New ed. /</subfield>
      <subfield code="b">Gift ed.</subfield>
    </datafield>
    <datafield tag="260" ind1=" " ind2=" ">
      <subfield code="a">London :</subfield>
      <subfield code="b">HarperCollins Children's,</subfield>
      <subfield code="c">2006.</subfield>
    </datafield>
    <datafield tag="300" ind1=" " ind2=" ">
      <subfield code="a">523 p. :</subfield>
      <subfield code="b">col. ill. ;</subfield>
      <subfield code="c">29 cm.</subfield>
    </datafield>
    <datafield tag="336" ind1=" " ind2=" ">
      <subfield code="b">text</subfield>
      <subfield code="0">http://www.rdaregistry.info/termList/RDAContentType/#1020</subfield>
      <subfield code="2">rdacontent</subfield>
    </datafield>
    <datafield tag="337" ind1=" " ind2=" ">
      <subfield code="a">unmediated</subfield>
      <subfield code="0">http://rdaregistry.info/termList/RDAMediaType/1007</subfield>
      <subfield code="2">rdamedia</subfield>
    </datafield>
    <datafield tag="338" ind1=" " ind2=" ">
      <subfield code="a">volume</subfield>
      <subfield code="1"> http://www.rdaregistry.info/termList/RDACarrierType/#1049</subfield>
      <subfield code="2">rdacarrier</subfield>
    </datafield>
    <datafield tag="380" ind1=" " ind2=" ">
      <subfield code="a">book</subfield>
      <subfield code="1">http://id.loc.gov/vocabulary/marcgt/boo</subfield>
      <subfield code="2">marcgt</subfield>
    </datafield>
    <datafield tag="500" ind1=" " ind2=" ">
      <subfield code="a">This ed. originally published: 1998.</subfield>
    </datafield>
    <datafield tag="500" ind1=" " ind2=" ">
      <subfield code="a">In slip case.</subfield>
    </datafield>
    <datafield tag="500" ind1=" " ind2=" ">
      <subfield code="a">Formerly CIP.</subfield>
      <subfield code="5">Uk</subfield>
    </datafield>
    <datafield tag="650" ind1=" " ind2="0">
      <subfield code="a">Narnia (Imaginary place)</subfield>
      <subfield code="v">Juvenile fiction.</subfield>
    </datafield>
    <datafield tag="650" ind1=" " ind2="0">
      <subfield code="a">Fantasy fiction, English.</subfield>
    </datafield>
    <datafield tag="650" ind1=" " ind2="0">
      <subfield code="a">Children's stories, English.</subfield>
    </datafield>
    <datafield tag="700" ind1="1" ind2=" ">
      <subfield code="a">Baynes, Pauline.</subfield>
      <subfield code="d">1922-2008</subfield>
      <subfield code="1">http://viaf.org/viaf/101872923</subfield>
      <subfield code="4">ill</subfield>
    </datafield>
    <datafield tag="700" ind1="1" ind2="2">
      <subfield code="a">Lewis, C S</subfield>
      <subfield code="d">1898-1963</subfield>
      <subfield code="l">English</subfield>
      <subfield code="q">(Clive Staples)</subfield>
      <subfield code="t">The Lion, the Witch and the Wardrobe</subfield>
      <subfield code="1">http://viaf.org/viaf/179642103</subfield>
    </datafield>
    <datafield tag="700" ind1="1" ind2="2">
      <subfield code="a">Lewis, C S</subfield>
      <subfield code="d">1898-1963</subfield>
      <subfield code="l">English</subfield>
      <subfield code="q">(Clive Staples)</subfield>
      <subfield code="t">The Horse and His Boy</subfield>
      <subfield code="1">http://viaf.org/viaf/1181145424674286830782</subfield>
    </datafield>
    <datafield tag="700" ind1="1" ind2="2">
      <subfield code="a">Lewis, C S</subfield>
      <subfield code="d">1898-1963</subfield>
      <subfield code="l">English</subfield>
      <subfield code="q">(Clive Staples)</subfield>
      <subfield code="t">Prince Caspian.</subfield>
      <subfield code="1">http://viaf.org/viaf/2620147270733935700007</subfield>
    </datafield>
    <datafield tag="700" ind1="1" ind2="2">
      <subfield code="a">Lewis, C S</subfield>
      <subfield code="d">1898-1963</subfield>
      <subfield code="l">English</subfield>
      <subfield code="q">(Clive Staples)</subfield>
      <subfield code="t">The Voyage of the Dawn Treader.</subfield>
      <subfield code="1">http://viaf.org/viaf/315663134</subfield>
    </datafield>
    <datafield tag="700" ind1="1" ind2="2">
      <subfield code="a">Lewis, C S</subfield>
      <subfield code="d">1898-1963</subfield>
      <subfield code="l">english</subfield>
      <subfield code="q">(Clive Staples)</subfield>
      <subfield code="t">The Silver Chair</subfield>
      <subfield code="1">http://viaf.org/viaf/1620145856999322920854</subfield>
    </datafield>
    <datafield tag="700" ind1="1" ind2="2">
      <subfield code="a">Lewis, C S</subfield>
      <subfield code="d">1898-1963</subfield>
      <subfield code="l">English</subfield>
      <subfield code="q">(Clive Staples)</subfield>
      <subfield code="t">The Last Battle</subfield>
      <!--<subfield code="1"> finner ikke permalink i viaf</subfield>-->
    </datafield>
    <datafield tag="852" ind1="4" ind2="1">
      <subfield code="a">British Library</subfield>
      <subfield code="b">HMNTS</subfield>
      <subfield code="j">Nov.2007/2490</subfield>
    </datafield>
  </record>