
  <record>
    <!-- The lion, the witch and the wardrobe Lewis, C. S, eng the british library -->
    <leader>01149pam a2200337 i 4500</leader>
    <controlfield tag="001">016855091</controlfield>
    <controlfield tag="003">Uk</controlfield>
    <controlfield tag="005">20160126145936.0</controlfield>
    <controlfield tag="008">140708s2014    enka   j      000 1 eng d</controlfield>
    <datafield tag="015" ind1=" " ind2=" ">
      <subfield code="a">GBB492249</subfield>
      <subfield code="2">bnb</subfield>
    </datafield>
    <datafield tag="016" ind1="7" ind2=" ">
      <subfield code="a">016855091</subfield>
      <subfield code="2">Uk</subfield>
    </datafield>
    <datafield tag="020" ind1=" " ind2=" ">
      <subfield code="a">9780007588527 (hbk.) :</subfield>
      <subfield code="c">£12.99</subfield>
    </datafield>
    <datafield tag="040" ind1=" " ind2=" ">
      <subfield code="a">StDuBDS</subfield>
      <subfield code="b">eng</subfield>
      <subfield code="c">StDuBDS</subfield>
      <subfield code="d">Uk</subfield>
      <subfield code="e">rda</subfield>
    </datafield>
    <datafield tag="041" ind1=" " ind2=" ">
      <subfield code="a">eng</subfield>
    </datafield>
    <datafield tag="042" ind1=" " ind2=" ">
      <subfield code="a">ukblcatcopy</subfield>
    </datafield>
    <datafield tag="082" ind1="0" ind2="4">
      <subfield code="a">823.912</subfield>
      <subfield code="2">23</subfield>
    </datafield>
    <datafield tag="100" ind1="1" ind2=" ">
      <subfield code="a">Lewis, C S</subfield>
      <subfield code="d">1898-1963.</subfield>
      <subfield code="q">(Clive Staples)</subfield>
      <subfield code="4">aut</subfield>
      <subfield code="1">http://viaf.org/viaf/22144877</subfield>
    </datafield>
    <datafield tag="240" ind1="1" ind2="0">
      <subfield code="a"> The lion, the witch and the wardrobe </subfield>
      <subfield code="l">English</subfield>
      <subfield code="1">http://viaf.org/viaf/179642103</subfield>
    </datafield>
    <datafield tag="245" ind1="1" ind2="4">
      <subfield code="a">The lion, the witch and the wardrobe /</subfield>
      <subfield code="c">C.S. Lewis ; illustrated by Pauline Baynes.</subfield>
    </datafield>
    <datafield tag="250" ind1=" " ind2=" ">
      <subfield code="a">Full-colour collector's edition.</subfield>
    </datafield>
    <datafield tag="264" ind1=" " ind2="1">
      <subfield code="a">London :</subfield>
      <subfield code="b">HarperCollins Children's Books,</subfield>
      <subfield code="c">2014.</subfield>
    </datafield>
    <datafield tag="300" ind1=" " ind2=" ">
      <subfield code="a">196 pages :</subfield>
      <subfield code="b">illustrations ;</subfield>
      <subfield code="c">21 cm.</subfield>
    </datafield>
    <datafield tag="336" ind1=" " ind2=" ">
      <subfield code="b">text</subfield>
      <subfield code="0">http://www.rdaregistry.info/termList/RDAContentType/#1020</subfield>
      <subfield code="2">rdacontent</subfield>
    </datafield>
    <datafield tag="337" ind1=" " ind2=" ">
      <subfield code="a">unmediated</subfield>
      <subfield code="0">http://rdaregistry.info/termList/RDAMediaType/1007</subfield>
      <subfield code="2">rdamedia</subfield>
    </datafield>
    <datafield tag="338" ind1=" " ind2=" ">
      <subfield code="a">volume</subfield>
      <subfield code="1"> http://www.rdaregistry.info/termList/RDACarrierType/#1049</subfield>
      <subfield code="2">rdacarrier</subfield>
    </datafield>
    <datafield tag="380" ind1=" " ind2=" ">
      <subfield code="a">book</subfield>
      <subfield code="1">http://id.loc.gov/vocabulary/marcgt/boo</subfield>
      <subfield code="2">marcgt</subfield>
    </datafield>
    <datafield tag="490" ind1="0" ind2=" ">
      <subfield code="a">The chronicles of Narnia ;</subfield>
      <subfield code="v">2</subfield>
    </datafield>
    <datafield tag="500" ind1=" " ind2=" ">
      <subfield code="a">Formerly CIP.</subfield>
      <subfield code="5">Uk</subfield>
    </datafield>
    <datafield tag="650" ind1=" " ind2="0">
      <subfield code="a">Narnia (Imaginary place)</subfield>
      <subfield code="v">Juvenile fiction.</subfield>
    </datafield>
    <datafield tag="655" ind1=" " ind2="0">
      <subfield code="a">Fantasy fiction.</subfield>
    </datafield>
    <datafield tag="655" ind1=" " ind2="0">
      <subfield code="a">Children's stories.</subfield>
    </datafield>
    <datafield tag="700" ind1="1" ind2=" ">
      <subfield code="a">Baynes, Pauline.</subfield>
      <subfield code="d">1922-2008</subfield>
      <subfield code="1">http://viaf.org/viaf/101872923</subfield>
      <subfield code="4">ill</subfield>
    </datafield>
    <datafield tag="700" ind1="1" ind2=" ">
      <subfield code="a">Lewis, C S,</subfield>
      <subfield code="d">1898-1963-</subfield>
      <subfield code="i"> preceded by work </subfield>
      <subfield code="t">The magician's nephew</subfield>
      <subfield code="1">http://viaf.org/viaf/316392414</subfield>
      <subfield code="4"> http://rdaregistry.info/Elements/w/precededByWork.en </subfield>
    </datafield>
    <datafield tag="852" ind1="4" ind2="1">
      <subfield code="a">British Library</subfield>
      <subfield code="b">HMNTS</subfield>
      <subfield code="j">YKL.2016.a.1214</subfield>
    </datafield>
  </record>