
  <record>
    <!--The fall  Hogan, Chuck eng The British library -->
    <leader>00953pam a2200325 a 4500</leader>
    <controlfield tag="001">015556228</controlfield>
    <controlfield tag="003">Uk</controlfield>
    <controlfield tag="005">20120529110220.0</controlfield>
    <controlfield tag="008">100514s2010    enk           000 1 eng|d</controlfield>
    <datafield tag="015" ind1=" " ind2=" ">
      <subfield code="a">GBB062165</subfield>
      <subfield code="2">bnb</subfield>
    </datafield>
    <datafield tag="016" ind1="7" ind2=" ">
      <subfield code="a">015556228</subfield>
      <subfield code="2">Uk</subfield>
    </datafield>
    <datafield tag="020" ind1=" " ind2=" ">
      <subfield code="a">9780007319497 (hbk.) :</subfield>
      <subfield code="c">£14.99</subfield>
    </datafield>
    <datafield tag="020" ind1=" " ind2=" ">
      <subfield code="a">0007319495 (hbk.) :</subfield>
      <subfield code="c">£14.99</subfield>
    </datafield>
    <datafield tag="040" ind1=" " ind2=" ">
      <subfield code="a">StDuBDS</subfield>
      <subfield code="b">eng</subfield>
      <subfield code="c">StDuBDS</subfield>
      <subfield code="d">Uk</subfield>
    </datafield>
    <datafield tag="041" ind1=" " ind2=" ">
      <subfield code="a">eng</subfield>
    </datafield>
    <datafield tag="042" ind1=" " ind2=" ">
      <subfield code="a">ukblsr</subfield>
    </datafield>
    <datafield tag="082" ind1="0" ind2="4">
      <subfield code="a">813.6</subfield>
      <subfield code="2">23</subfield>
    </datafield>
    <datafield tag="100" ind1="1" ind2=" ">
      <subfield code="a">Toro, Guillermo del</subfield>
      <subfield code="d">1964-</subfield>
      <subfield code="1">http://viaf.org/viaf/84318163</subfield>
      <subfield code="4">aut</subfield>
    </datafield>
    <datafield tag="240" ind1="1" ind2="0">
      <subfield code="a"> The Fall </subfield>
      <subfield code="l">English</subfield>
      <subfield code="1">http://viaf.org/viaf/5727151051955033530001</subfield>
    </datafield>
    <datafield tag="245" ind1="1" ind2="4">
      <subfield code="a">The fall /</subfield>
      <subfield code="c">Guillermo del Toro and Chuck Hogan.</subfield>
    </datafield>
    <datafield tag="260" ind1=" " ind2=" ">
      <subfield code="a">London :</subfield>
      <subfield code="b">HarperCollins,</subfield>
      <subfield code="c">2010.</subfield>
    </datafield>
    <datafield tag="300" ind1=" " ind2=" ">
      <subfield code="a">308 p. ;</subfield>
      <subfield code="c">25 cm.</subfield>
    </datafield>
    <datafield tag="336" ind1=" " ind2=" ">
      <subfield code="a">text</subfield>
      <subfield code="1">http://www.rdaregistry.info/termList/RDAContentType/#1020</subfield>
      <subfield code="2">rdacontent</subfield>
    </datafield>
    <datafield tag="337" ind1=" " ind2=" ">
      <subfield code="a">unmediated</subfield>
      <subfield code="1">http://rdaregistry.info/termList/RDAMediaType/1007</subfield>
      <subfield code="2">rdamedia</subfield>
    </datafield>
    <datafield tag="338" ind1=" " ind2=" ">
      <subfield code="a">volume</subfield>
      <subfield code="1"> http://www.rdaregistry.info/termList/RDACarrierType/#1049</subfield>
      <subfield code="2">rdacarrier</subfield>
    </datafield>
    <datafield tag="380" ind1=" " ind2=" ">
      <subfield code="a">book</subfield>
      <subfield code="1">http://id.loc.gov/vocabulary/marcgt/boo</subfield>
      <subfield code="2">marcgt</subfield>
    </datafield>
    <datafield tag="490" ind1="0" ind2=" ">
      <subfield code="a">The strain trilogy ;</subfield>
      <subfield code="v">bk. 2</subfield>
    </datafield>
    <datafield tag="500" ind1=" " ind2=" ">
      <subfield code="a">Formerly CIP.</subfield>
      <subfield code="5">Uk</subfield>
    </datafield>
    <datafield tag="650" ind1=" " ind2="0">
      <subfield code="a">Vampires</subfield>
      <subfield code="v">Fiction.</subfield>
    </datafield>
    <datafield tag="651" ind1=" " ind2="0">
      <subfield code="a">New York (N.Y.)</subfield>
      <subfield code="v">Fiction.</subfield>
    </datafield>
    <datafield tag="655" ind1=" " ind2="0">
      <subfield code="a">Horror tales.</subfield>
    </datafield>
    <datafield tag="700" ind1="1" ind2=" ">
      <subfield code="a">Hogan, Chuck</subfield>
      <subfield code="d">1967--</subfield>
      <subfield code="1">Permalink: http://viaf.org/viaf/79369466</subfield>
      <subfield code="4">aut</subfield>
    </datafield>
    <datafield tag="700" ind1="1" ind2=" ">
      <subfield code="a">Toro, Guillermo del,</subfield>
      <subfield code="d">1964-</subfield>
      <subfield code="i"> Preceded by work</subfield>
      <subfield code="t">The Strain</subfield>
      <!--<subfield code="1">Finner ikke Permalink i Viaf</subfield>-->
      <subfield code="4"> http://rdaregistry.info/Elements/w/precededByWork.en </subfield>
    </datafield>
    <datafield tag="852" ind1="4" ind2="1">
      <subfield code="a">British Library</subfield>
      <subfield code="b">HMNTS</subfield>
      <subfield code="j">Nov.2012/1821</subfield>
    </datafield>
  </record>