
  <!-- -->
  <!-- C.S Lewis -->
  <record>
    <!--Samlebind med alle Narnia bøkene,Lewis, C. S, nob, oversatt Bergen Offentlige bibliotek-->
    <leader>02068nam a2200445 a 450 </leader>
    <controlfield tag="001">0288718</controlfield>
    <controlfield tag="008">051013b               j          1 nob  </controlfield>
    <datafield tag="015" ind1=" " ind2=" ">
      <subfield code="a">0157979</subfield>
    </datafield>
    <datafield tag="015" ind1=" " ind2=" ">
      <subfield code="a">867915</subfield>
    </datafield>
    <datafield tag="020" ind1=" " ind2=" ">
      <subfield code="a">82-05-34546-5 :</subfield>
      <subfield code="c">Nkr 299.00</subfield>
    </datafield>
    <datafield tag="041" ind1=" " ind2=" ">
      <subfield code="a">nob</subfield>
      <subfield code="h">eng</subfield>
    </datafield>
    <datafield tag="100" ind1="1" ind2=" ">
      <subfield code="a">Lewis, C S</subfield>
      <subfield code="d">1898-1963.</subfield>
      <subfield code="q">(Clive Staples)</subfield>
      <subfield code="4">aut</subfield>
      <subfield code="1">http://viaf.org/viaf/22144877</subfield>
    </datafield>
    <datafield tag="240" ind1="1" ind2="0">
      <subfield code="a"> The magician's nephew</subfield>
      <subfield code="l">Norsk bokmål</subfield>
      <subfield code="1">http://viaf.org/viaf/67151051805833530003 </subfield>
    </datafield>
    <datafield tag="245" ind1="1" ind2="0">
      <subfield code="a">Legenden om Narnia /</subfield>
      <subfield code="c">C.S. Lewis ; oversatt av Tormod Haugen ; med illustrasjoner av Pauline
        Baynes</subfield>
    </datafield>
    <datafield tag="260" ind1=" " ind2=" ">
      <subfield code="a">[Oslo] :</subfield>
      <subfield code="b">Gyldendal,</subfield>
      <subfield code="c">2005</subfield>
    </datafield>
    <datafield tag="300" ind1=" " ind2=" ">
      <subfield code="a">798 s. :</subfield>
      <subfield code="b">ill.</subfield>
    </datafield>
    <datafield tag="336" ind1=" " ind2=" ">
      <subfield code="a">text</subfield>
      <subfield code="1">http://www.rdaregistry.info/termList/RDAContentType/#1020</subfield>
      <subfield code="2">rdacontent</subfield>
    </datafield>
    <datafield tag="337" ind1=" " ind2=" ">
      <subfield code="a">unmediated</subfield>
      <subfield code="1">http://rdaregistry.info/termList/RDAMediaType/1007</subfield>
      <subfield code="2">rdamedia</subfield>
    </datafield>
    <datafield tag="338" ind1=" " ind2=" ">
      <subfield code="a">volume</subfield>
      <subfield code="1"> http://www.rdaregistry.info/termList/RDACarrierType/#1049</subfield>
      <subfield code="2">rdacarrier</subfield>
    </datafield>
    <datafield tag="380" ind1=" " ind2=" ">
      <subfield code="a">book</subfield>
      <subfield code="1">http://id.loc.gov/vocabulary/marcgt/boo</subfield>
      <subfield code="2">marcgt</subfield>
    </datafield>
    <datafield tag="505" ind1="1" ind2=" ">
      <subfield code="a">Innhold: Drømmen om Narnia (1. norske utg.: 1978) ; Løven, heksa og
        klesskapet (1. utg. denne oversettelse: 1979) ; Hesten og hans gutt (1. norske utg.: 1983) ;
        Prins Caspian (1. norske utg.: 1980) ; Reisen til det ytterste hav (1. norske utg.: 1981) ;
        Sølvstolen (1. norske utg.: 1982) ; Den siste striden (1. norske utg.: 1984)</subfield>
    </datafield>
    <datafield tag="655" ind1=" " ind2=" ">
      <subfield code="a">fantastiske fortellinger</subfield>
    </datafield>
    <datafield tag="655" ind1=" " ind2=" ">
      <subfield code="a">Fantastisk</subfield>
    </datafield>
    <datafield tag="700" ind1="1" ind2=" ">
      <subfield code="a">Lewis, C S.,</subfield>
      <subfield code="d">1898-1963-</subfield>
      <subfield code="i"> Translation of work </subfield>
      <subfield code="t"> The Chronicles of Narnia </subfield>
      <subfield code="1"> http://viaf.org/viaf/1176155226697484490003</subfield>
      <subfield code="4"> http://rdaregistry.info/Elements/w/freeTranslationOfWork.en </subfield>
    </datafield>
    <datafield tag="700" ind1="1" ind2=" ">
      <subfield code="a">Baynes, Pauline.</subfield>
      <subfield code="d">1922-2008</subfield>
      <subfield code="1">http://viaf.org/viaf/101872923</subfield>
      <subfield code="4">ill</subfield>
    </datafield>
    <datafield tag="700" ind1="1" ind2=" ">
      <subfield code="a">Haugen, Tormod.</subfield>
      <subfield code="d">1945-2008</subfield>
      <subfield code="1">http://viaf.org/viaf/103625475</subfield>
      <subfield code="4">trl</subfield>
    </datafield>
    <datafield tag="700" ind1="1" ind2="2">
      <subfield code="a">Lewis, C S</subfield>
      <subfield code="d">1898-1963</subfield>
      <subfield code="l">Norsk Bokmål</subfield>
      <subfield code="q">(Clive Staples)</subfield>
      <subfield code="t">Løven Heksa og Klesskapet</subfield>
      <subfield code="1">http://viaf.org/viaf/368144928953654440927</subfield>
    </datafield>
    <datafield tag="700" ind1="1" ind2="2">
      <subfield code="a">Lewis, C S</subfield>
      <subfield code="d">1898-1963</subfield>
      <subfield code="l">Norsk Bokmål</subfield>
      <subfield code="q">(Clive Staples)</subfield>
      <subfield code="t">Hesten og hans gutt</subfield>
      <subfield code="1">http://viaf.org/viaf/5382151052037433530003</subfield>
    </datafield>
    <datafield tag="700" ind1="1" ind2="2">
      <subfield code="a">Lewis, C S</subfield>
      <subfield code="d">1898-1963</subfield>
      <subfield code="l">Norsk Bokmål</subfield>
      <subfield code="q">(Clive Staples)</subfield>
      <subfield code="t">Prins Caspian.</subfield>
      <!--<subfield code="1">Finner ikke permalink i viaf til Prins Caspian på norsk</subfield>-->
    </datafield>
    <datafield tag="700" ind1="1" ind2="2">
      <subfield code="a">Lewis, C S</subfield>
      <subfield code="d">1898-1963</subfield>
      <subfield code="l">Norsk Bokmål</subfield>
      <subfield code="q">(Clive Staples)</subfield>
      <subfield code="t">Reisen Til Det Ytterste Hav</subfield>
      <subfield code="1">http://viaf.org/viaf/449151051891533530009</subfield>
    </datafield>
    <datafield tag="700" ind1="1" ind2="2">
      <subfield code="a">Lewis, C S</subfield>
      <subfield code="d">1898-1963</subfield>
      <subfield code="l">Norsk Bokmål</subfield>
      <subfield code="q">(Clive Staples)</subfield>
      <subfield code="t">Sølvstolen</subfield>
      <subfield code="1">http://viaf.org/viaf/8419151051798933530007</subfield>
    </datafield>
    <datafield tag="700" ind1="1" ind2="2">
      <subfield code="a">Lewis, C S</subfield>
      <subfield code="d">1898-1963</subfield>
      <subfield code="l">Norsk Bokmål</subfield>
      <subfield code="q">(Clive Staples)</subfield>
      <subfield code="t">Den Siste Striden</subfield>
      <!--<subfield code="1"> finner ikke permalink til Den Siste Striden på norsk /subfield>-->
    </datafield>
    <datafield tag="740" ind1="0" ind2="2">
      <subfield code="a">Drømmen om Narnia</subfield>
    </datafield>
    <datafield tag="740" ind1="0" ind2="2">
      <subfield code="a">Hesten og hans gutt</subfield>
    </datafield>
    <datafield tag="740" ind1="0" ind2="2">
      <subfield code="a">Løven, heksa og klesskapet</subfield>
    </datafield>
    <datafield tag="740" ind1="0" ind2="2">
      <subfield code="a">Prince Caspian</subfield>
    </datafield>
    <datafield tag="740" ind1="0" ind2="2">
      <subfield code="a">Prins Caspian</subfield>
    </datafield>
    <datafield tag="740" ind1="0" ind2="2">
      <subfield code="a">Reisen til det ytterste hav</subfield>
    </datafield>
    <datafield tag="740" ind1="0" ind2="2">
      <subfield code="a">Sølvstolen</subfield>
    </datafield>
    <datafield tag="740" ind1="4" ind2="2">
      <subfield code="a">Den siste striden</subfield>
    </datafield>
    <datafield tag="740" ind1="4" ind2="2">
      <subfield code="a">The horse and his boy</subfield>
    </datafield>
    <datafield tag="740" ind1="4" ind2="2">
      <subfield code="a">The last battle</subfield>
    </datafield>
    <datafield tag="740" ind1="4" ind2="2">
      <subfield code="a">The lion, the witch and the wardrobe</subfield>
    </datafield>
    <datafield tag="740" ind1="4" ind2="2">
      <subfield code="a">The magican's nephew</subfield>
    </datafield>
    <datafield tag="740" ind1="4" ind2="2">
      <subfield code="a">The silver chair</subfield>
    </datafield>
    <datafield tag="740" ind1="4" ind2="2">
      <subfield code="a">The voyage of Dawn Treader</subfield>
    </datafield>
    <datafield tag="852" ind1=" " ind2=" ">
      <subfield code="a">Bergen Off. Bibliotek</subfield>
      <subfield code="b">Lands̄ barn</subfield>
    </datafield>
    <datafield tag="852" ind1=" " ind2=" ">
      <subfield code="a">Bergen Off. Bibliotek</subfield>
      <subfield code="b">Lands̄ barn</subfield>
    </datafield>
    <datafield tag="852" ind1=" " ind2=" ">
      <subfield code="a">Bergen Off. Bibliotek</subfield>
      <subfield code="b">Loddefjord barn</subfield>
      <subfield code="c">fantastisk</subfield>
    </datafield>
  </record>