
  <record>
    <!--Løven heksa og klesskapet Lewis, C. S, nob, oversatt Bergen Offentlige bibliotek -->
    <leader>00738nam a2200193 a 450 </leader>
    <controlfield tag="001">0107263</controlfield>
    <controlfield tag="008">870424b               j          1 nob  </controlfield>
    <datafield tag="015" ind1=" " ind2=" ">
      <subfield code="a">1285923</subfield>
    </datafield>
    <datafield tag="041" ind1=" " ind2=" ">
      <subfield code="a">nob</subfield>
      <subfield code="h">eng</subfield>
    </datafield>
    <datafield tag="100" ind1="1" ind2=" ">
      <subfield code="a">Lewis, C S</subfield>
      <subfield code="d">1898-1963.</subfield>
      <subfield code="q">(Clive Staples)</subfield>
      <subfield code="4">aut</subfield>
      <subfield code="1">http://viaf.org/viaf/22144877</subfield>
    </datafield>
    <datafield tag="240" ind1="1" ind2="0">
      <subfield code="a"> Løven heksa og klesskapet</subfield>
      <subfield code="l">Norsk bokmål</subfield>
      <!-- <subfield code="1">finner ikke permalink i viaf til Løven heksa og klesskapet på norsk </subfield>-->
    </datafield>
    <datafield tag="245" ind1="1" ind2="0">
      <subfield code="a">Løven, heksa og klesskapet /</subfield>
      <subfield code="c">C.S. Lewis ; ooversatt av Aase Skagen</subfield>
    </datafield>
    <datafield tag="260" ind1=" " ind2=" ">
      <subfield code="a">[Bergen] :</subfield>
      <subfield code="b">Lunde,</subfield>
      <subfield code="c">1967</subfield>
    </datafield>
    <datafield tag="300" ind1=" " ind2=" ">
      <subfield code="a">143 s. :</subfield>
      <subfield code="b">ill.</subfield>
    </datafield>
    <datafield tag="336" ind1=" " ind2=" ">
      <subfield code="a">text</subfield>
      <subfield code="1">http://www.rdaregistry.info/termList/RDAContentType/#1020</subfield>
      <subfield code="2">rdacontent</subfield>
    </datafield>
    <datafield tag="337" ind1=" " ind2=" ">
      <subfield code="a">unmediated</subfield>
      <subfield code="1">http://rdaregistry.info/termList/RDAMediaType/1007</subfield>
      <subfield code="2">rdamedia</subfield>
    </datafield>
    <datafield tag="338" ind1=" " ind2=" ">
      <subfield code="a">volume</subfield>
      <subfield code="1"> http://www.rdaregistry.info/termList/RDACarrierType/#1049</subfield>
      <subfield code="2">rdacarrier</subfield>
    </datafield>
    <datafield tag="380" ind1=" " ind2=" ">
      <subfield code="a">book</subfield>
      <subfield code="1">http://id.loc.gov/vocabulary/marcgt/boo</subfield>
      <subfield code="2">marcgt</subfield>
    </datafield>
    <datafield tag="655" ind1=" " ind2=" ">
      <subfield code="a">fantastiske fortellinger</subfield>
    </datafield>
    <datafield tag="700" ind1="1" ind2=" ">
      <subfield code="a">Skagen, Aase </subfield>
       !<!-- <subfield code="1">Finner ikke permalink til Skagen, Aase </subfield>-->
      <subfield code="4">trl</subfield>
    </datafield>
    <datafield tag="700" ind1="1" ind2=" ">
      <subfield code="a">Lewis, C S.,</subfield>
      <subfield code="d">1898-1963-</subfield>
      <subfield code="i"> Translation of work</subfield>
      <subfield code="t">The lion, the witch and the wardrobe</subfield>
      <subfield code="1">http://viaf.org/viaf/179642103/</subfield>
      <subfield code="4"> http://rdaregistry.info/Elements/w/freeTranslationOfWork.en </subfield>
      &gt; </datafield>
    <datafield tag="700" ind1="1" ind2=" ">
      <subfield code="a">Lewis, C S,</subfield>
      <subfield code="d">1898-1963-</subfield>
      <subfield code="i"> preceded by work </subfield>
      <subfield code="t">Drømmen om Narnia</subfield>
      <subfield code="1">http://viaf.org/viaf/67151051805833530003 </subfield>
      <subfield code="4"> http://rdaregistry.info/Elements/w/precededByWork.en </subfield>
    </datafield>
    <datafield tag="780" ind1=" " ind2=" ">
      <subfield code="t">Drømmen om Narnia</subfield>
    </datafield>
    <datafield tag="785" ind1=" " ind2=" ">
      <subfield code="t">Hesten og hans gutt</subfield>
    </datafield>
    <datafield tag="852" ind1=" " ind2=" ">
      <subfield code="a">Bergen Off. Bibliotek</subfield>
      <subfield code="b">Hovedbiblioteket barn</subfield>
      <subfield code="c">magasin</subfield>
    </datafield>
  </record>