
  <record>
    <!--The magician's nephew Lewis, C. S, eng, Bergen Offentlige bibliotek -->
    <leader>01167nam a2200253 a 450 </leader>
    <controlfield tag="001">0040705</controlfield>
    <controlfield tag="008">921123b               j          1 eng  </controlfield>
    <datafield tag="015" ind1=" " ind2=" ">
      <subfield code="a">1161923</subfield>
    </datafield>
    <datafield tag="020" ind1=" " ind2=" ">
      <subfield code="a">0006716679</subfield>
    </datafield>
    <datafield tag="020" ind1=" " ind2=" ">
      <subfield code="a">978-0-06-023497-3</subfield>
    </datafield>
    <datafield tag="041" ind1=" " ind2=" ">
      <subfield code="a">eng</subfield>
    </datafield>
    <datafield tag="100" ind1="1" ind2=" ">
      <subfield code="a">Lewis, C S</subfield>
      <subfield code="d">1898-1963.</subfield>
      <subfield code="q">(Clive Staples)</subfield>
      <subfield code="4">aut</subfield>
      <subfield code="1">http://viaf.org/viaf/22144877</subfield>
    </datafield>
    <datafield tag="240" ind1="1" ind2="0">
      <subfield code="a"> The Magician's Nephew </subfield>
      <subfield code="l">Engelska</subfield>
      <subfield code="1">http://viaf.org/viaf/316392414</subfield>
    </datafield>
    <datafield tag="245" ind1="1" ind2="4">
      <subfield code="a">The magician's nephew /</subfield>
      <subfield code="c">C.S. Lewis ; illustrated by Pauline Baynes</subfield>
    </datafield>
    <datafield tag="260" ind1=" " ind2=" ">
      <subfield code="a">London :</subfield>
      <subfield code="b">Lions,</subfield>
      <subfield code="c">1992</subfield>
    </datafield>
    <datafield tag="300" ind1=" " ind2=" ">
      <subfield code="a">171 s. :</subfield>
      <subfield code="b">ill.</subfield>
    </datafield>
    <datafield tag="336" ind1=" " ind2=" ">
      <subfield code="a">text</subfield>
      <subfield code="1">http://www.rdaregistry.info/termList/RDAContentType/#1020</subfield>
      <subfield code="2">rdacontent</subfield>
    </datafield>
    <datafield tag="337" ind1=" " ind2=" ">
      <subfield code="a">unmediated</subfield>
      <subfield code="1">http://rdaregistry.info/termList/RDAMediaType/1007</subfield>
      <subfield code="2">rdamedia</subfield>
    </datafield>
    <datafield tag="338" ind1=" " ind2=" ">
      <subfield code="a">volume</subfield>
      <subfield code="1"> http://www.rdaregistry.info/termList/RDACarrierType/#1049</subfield>
      <subfield code="2">rdacarrier</subfield>
    </datafield>
    <datafield tag="380" ind1=" " ind2=" ">
      <subfield code="a">book</subfield>
      <subfield code="1">http://id.loc.gov/vocabulary/marcgt/boo</subfield>
      <subfield code="2">marcgt</subfield>
    </datafield>
    <datafield tag="440" ind1=" " ind2="0">
      <subfield code="a">The chronicles of Narnia ;</subfield>
      <subfield code="v">1</subfield>
    </datafield>
    <datafield tag="503" ind1=" " ind2=" ">
      <subfield code="a">1. utg.: 1955</subfield>
    </datafield>
    <datafield tag="700" ind1="1" ind2=" ">
      <subfield code="a">Baynes, Pauline.</subfield>
      <subfield code="d">1922-2008</subfield>
      <subfield code="1">http://viaf.org/viaf/101872923</subfield>
      <subfield code="4">ill</subfield>
    </datafield>
    <datafield tag="785" ind1=" " ind2=" ">
      <subfield code="t">The lion, the witch and the wardrobe</subfield>
    </datafield>
    <datafield tag="852" ind1=" " ind2=" ">
      <subfield code="a">Bergen Off. Bibliotek</subfield>
      <subfield code="b">Fana barn</subfield>
    </datafield>
    <datafield tag="852" ind1=" " ind2=" ">
      <subfield code="a">Bergen Off. Bibliotek</subfield>
      <subfield code="b">Oasen barn</subfield>
    </datafield>
  </record>