
  <!--Stephenie, Meyer-->
  <record>
    <!--Under en ny måne Meyer, Stephenie  nob, Lydbok Oversatt Bergen Offentlige bibliotek-->
    <leader>01246nam a2200301 a 450 </leader>
    <controlfield tag="001">0397642</controlfield>
    <controlfield tag="008">090520b               j          1 nob  </controlfield>
    <datafield tag="015" ind1=" " ind2=" ">
      <subfield code="a">0243026</subfield>
    </datafield>
    <datafield tag="015" ind1=" " ind2=" ">
      <subfield code="a">1021605</subfield>
    </datafield>
    <datafield tag="020" ind1=" " ind2=" ">
      <subfield code="a">978-82-421-4682-3 :</subfield>
      <subfield code="c">Nkr 399.00</subfield>
    </datafield>
    <datafield tag="041" ind1=" " ind2=" ">
      <subfield code="a">nob</subfield>
      <subfield code="h">eng</subfield>
    </datafield>
    <datafield tag="100" ind1="1" ind2=" ">
      <subfield code="a">Meyer, Stephenie</subfield>
      <subfield code="d">1973-</subfield>
      <subfield code="4">aut</subfield>
      <subfield code="1">http://viaf.org/viaf/102313919</subfield>
    </datafield>
    <datafield tag="240" ind1="1" ind2="0">
      <subfield code="a"> New moon</subfield>
      <subfield code="l">Norsk</subfield>
      <!--<subfield code="1">Finner ikke permalinken i viaf til en ny måne lydbok</subfield>-->
    </datafield>
    <datafield tag="245" ind1="1" ind2="0">
      <subfield code="a">Under en ny måne /</subfield>
      <subfield code="c">Stephenie Meyer ; oversatt av Vibeke Saugestad</subfield>
      <subfield code="h">lydopptak</subfield>
    </datafield>
    <datafield tag="260" ind1=" " ind2=" ">
      <subfield code="a">[Melhus] :</subfield>
      <subfield code="b">Lydbokforl.,</subfield>
      <subfield code="c">2009</subfield>
    </datafield>
    <datafield tag="300" ind1=" " ind2=" ">
      <subfield code="a">13 CD (16 t, 36 min)</subfield>
    </datafield>
    <datafield tag="336" ind1=" " ind2=" ">
      <subfield code="a">spoken word</subfield>
      <subfield code="1">http://www.rdaregistry.info/termList/RDAContentType/#1013</subfield>
      <subfield code="2">rdacontent</subfield>
    </datafield>
    <datafield tag="337" ind1=" " ind2=" ">
      <subfield code="a">audio</subfield>
      <subfield code="1">http://rdaregistry.info/termList/RDAMediaType/1001</subfield>
      <subfield code="2">rdamedia</subfield>
    </datafield>
    <datafield tag="338" ind1=" " ind2=" ">
      <subfield code="a">computer disc</subfield>
      <subfield code="1">http://rdaregistry.info/termList/RDACarrierType/1013</subfield>
      <subfield code="2">rdacarrier</subfield>
    </datafield>
    <datafield tag="380" ind1=" " ind2=" ">
      <subfield code="a">sound</subfield>
      <subfield code="1">http://id.loc.gov/vocabulary/marcgt/sou</subfield>
      <subfield code="2">marcgt</subfield>
    </datafield>
    <datafield tag="440" ind1=" " ind2="0">
      <subfield code="a">Twilight-sagaen ;</subfield>
      <subfield code="v">2</subfield>
    </datafield>
    <datafield tag="511" ind1="0" ind2=" ">
      <subfield code="a">Lest av Ine Jansen</subfield>
    </datafield>
    <datafield tag="655" ind1=" " ind2=" ">
      <subfield code="a">fantastiske fortellinger</subfield>
    </datafield>
    <datafield tag="655" ind1=" " ind2=" ">
      <subfield code="a">Spenning</subfield>
    </datafield>
    <datafield tag="700" ind1=" " ind2=" ">
      <subfield code="a">Jansen, Ine Finholt,</subfield>
      <subfield code="d">1973-</subfield>
      <subfield code="1">http://viaf.org/viaf/227796671</subfield>
      <subfield code="4">nrt</subfield>
    </datafield>
    <datafield tag="700" ind1="1" ind2=" ">
      <subfield code="a">Meyer, Stephenie,</subfield>
      <subfield code="d">1973-</subfield>
      <subfield code="i"> Translation of work</subfield>
      <subfield code="t">New moon </subfield>
      <subfield code="1">http://viaf.org/viaf/201895337 /</subfield>
      <subfield code="4"> http://rdaregistry.info/Elements/w/freeTranslationOfWork.en </subfield>
    </datafield>
    <datafield tag="700" ind1="1" ind2=" ">
      <subfield code="a">Saugestad, Vibeke </subfield>
      <subfield code="d">1976-</subfield>
      <subfield code="1"> http://viaf.org/viaf/224252552</subfield>
      <subfield code="4">trl</subfield>
    </datafield>
    <datafield tag="700" ind1="1" ind2=" ">
      <subfield code="a">Meyer, Stephenie</subfield>
      <subfield code="d">1973--</subfield>
      <subfield code="i"> preceded by work</subfield>
      <subfield code="t">.Twilight</subfield>
      <!--<subfield code="1">Finner ikke Permalink til Twilight lydbok</subfield>-->
      <subfield code="4"> http://rdaregistry.info/Elements/w/precededByWork.en </subfield>
    </datafield>
    <datafield tag="780" ind1="0" ind2="0">
      <subfield code="t">Evighetens kyss</subfield>
    </datafield>
    <datafield tag="785" ind1="0" ind2="0">
      <subfield code="t">Formørkelsen</subfield>
    </datafield>
    <datafield tag="852" ind1=" " ind2=" ">
      <subfield code="a">Bergen Off. Bibliotek</subfield>
      <subfield code="b">Oasen barn</subfield>
      <subfield code="c">mu</subfield>
    </datafield>
    <datafield tag="852" ind1=" " ind2=" ">
      <subfield code="a">Bergen Off. Bibliotek</subfield>
      <subfield code="b">¿sane ungdom</subfield>
    </datafield>
  </record>