
  <record>
    <!--Twilight Meyer, Stephenie  eng Bergen Offentlige bibliotek -->
    <leader>01270nam a2200325 a 450 </leader>
    <controlfield tag="001">0341396</controlfield>
    <controlfield tag="008">070613b               j          1 eng  </controlfield>
    <datafield tag="015" ind1=" " ind2=" ">
      <subfield code="a">0174725</subfield>
    </datafield>
    <datafield tag="015" ind1=" " ind2=" ">
      <subfield code="a">920013</subfield>
    </datafield>
    <datafield tag="020" ind1=" " ind2=" ">
      <subfield code="a">0-316-16017-2 :</subfield>
      <subfield code="c">Nkr 170.00</subfield>
    </datafield>
    <datafield tag="020" ind1=" " ind2=" ">
      <subfield code="a">978-0-316-16017-9</subfield>
    </datafield>
    <datafield tag="020" ind1=" " ind2=" ">
      <subfield code="a">978-1-904233-65-7</subfield>
    </datafield>
    <datafield tag="020" ind1=" " ind2=" ">
      <subfield code="a">978-1-905654-37-6</subfield>
    </datafield>
    <datafield tag="041" ind1=" " ind2=" ">
      <subfield code="a">eng</subfield>
    </datafield>
    <datafield tag="100" ind1="1" ind2=" ">
      <subfield code="a">Meyer, Stephenie</subfield>
      <subfield code="d">1973-</subfield>
      <subfield code="4">aut</subfield>
      <subfield code="1">http://viaf.org/viaf/102313919</subfield>
    </datafield>
    <datafield tag="240" ind1="1" ind2="0">
      <subfield code="a"> Twilight</subfield>
      <subfield code="l">Engelsk</subfield>
      <subfield code="1">http://viaf.org/viaf/310529073</subfield>
    </datafield>
    <datafield tag="245" ind1="1" ind2="0">
      <subfield code="a">Twilight /</subfield>
      <subfield code="c">Stephenie Meyer</subfield>
    </datafield>
    <datafield tag="260" ind1=" " ind2=" ">
      <subfield code="a">New York :</subfield>
      <subfield code="b">Little, Brown,</subfield>
      <subfield code="c">2005</subfield>
    </datafield>
    <datafield tag="300" ind1=" " ind2=" ">
      <subfield code="a">498 s.</subfield>
    </datafield>
    <datafield tag="336" ind1=" " ind2=" ">
      <subfield code="a">text</subfield>
      <subfield code="1">http://www.rdaregistry.info/termList/RDAContentType/#1020</subfield>
      <subfield code="2">rdacontent</subfield>
    </datafield>
    <datafield tag="337" ind1=" " ind2=" ">
      <subfield code="a">unmediated</subfield>
      <subfield code="1">http://rdaregistry.info/termList/RDAMediaType/1007</subfield>
      <subfield code="2">rdamedia</subfield>
    </datafield>
    <datafield tag="338" ind1=" " ind2=" ">
      <subfield code="a">volume</subfield>
      <subfield code="1"> http://www.rdaregistry.info/termList/RDACarrierType/#1049</subfield>
      <subfield code="2">rdacarrier</subfield>
    </datafield>
    <datafield tag="380" ind1=" " ind2=" ">
      <subfield code="a">book</subfield>
      <subfield code="1">http://id.loc.gov/vocabulary/marcgt/boo</subfield>
      <subfield code="2">marcgt</subfield>
    </datafield>
    <datafield tag="655" ind1=" " ind2=" ">
      <subfield code="a">Skrekk</subfield>
    </datafield>
    <datafield tag="655" ind1=" " ind2=" ">
      <subfield code="a">fantastiske fortellinger</subfield>
    </datafield>
    <datafield tag="785" ind1=" " ind2="0">
      <subfield code="t">New moon</subfield>
    </datafield>
    <datafield tag="852" ind1=" " ind2=" ">
      <subfield code="a">Bergen Off. Bibliotek</subfield>
      <subfield code="b">Fana barn</subfield>
      <subfield code="c">UNG</subfield>
    </datafield>
    <datafield tag="852" ind1=" " ind2=" ">
      <subfield code="a">Bergen Off. Bibliotek</subfield>
      <subfield code="b">Hovedbiblioteket 2. etg</subfield>
    </datafield>
    <datafield tag="852" ind1=" " ind2=" ">
      <subfield code="a">Bergen Off. Bibliotek</subfield>
      <subfield code="b">Lands̄ barn</subfield>
      <subfield code="c">mu</subfield>
    </datafield>
    <datafield tag="852" ind1=" " ind2=" ">
      <subfield code="a">Bergen Off. Bibliotek</subfield>
      <subfield code="b">Loddefjord ungdom</subfield>
      <subfield code="c">fabelprosa</subfield>
    </datafield>
    <datafield tag="852" ind1=" " ind2=" ">
      <subfield code="a">Bergen Off. Bibliotek</subfield>
      <subfield code="b">Oasen barn</subfield>
      <subfield code="c">mu</subfield>
    </datafield>
    <datafield tag="852" ind1=" " ind2=" ">
      <subfield code="a">Bergen Off. Bibliotek</subfield>
      <subfield code="b">Ytre Arna barn</subfield>
      <subfield code="c">mu</subfield>
    </datafield>
    <datafield tag="852" ind1=" " ind2=" ">
      <subfield code="a">Bergen Off. Bibliotek</subfield>
      <subfield code="b">¿sane ungdom</subfield>
    </datafield>
  </record>