
  <!--Guillermo del Toro og Chuck Hogan-->
  <record>
    <!--The strain season 1 Hogan, Chuck  DVD Bergen Offentlige bibliotek -->
    <leader>01548nam a2200313 a 450 </leader>
    <controlfield tag="001">0597154</controlfield>
    <controlfield tag="008">171201b                          1 mul  </controlfield>
    <datafield tag="015" ind1=" " ind2=" ">
      <subfield code="a">10877702</subfield>
    </datafield>
    <datafield tag="020" ind1=" " ind2=" ">
      <subfield code="c">Nkr 269.00</subfield>
    </datafield>
    <datafield tag="041" ind1=" " ind2=" ">
      <subfield code="a">eng</subfield>
      <subfield code="b">nobswedanfin</subfield>
    </datafield>
    <datafield tag="082" ind1="1" ind2="4">
      <subfield code="2">5</subfield>
    </datafield>
    <datafield tag="130" ind1="1" ind2="0">
      <subfield code="a"> The strain</subfield>
      <subfield code="l">Engelsk</subfield>
      <subfield code="1">http://viaf.org/viaf/14148207900100342255</subfield>
      <!--Bruker samme permalink til sesongene av the Strain, fordi det bare finnes en permalink for alle sesongene-->
    </datafield>
    <datafield tag="245" ind1="0" ind2="4">
      <subfield code="a">The Strain.</subfield>
      <subfield code="n">Season 1</subfield>
      <subfield code="h">video /</subfield>
      <subfield code="c">created by Guillermo del Toro, Chuck Hogan</subfield>
    </datafield>
    <datafield tag="260" ind1=" " ind2=" ">
      <subfield code="a">[S.l.] :</subfield>
      <subfield code="b">Paramount Home Entertainment,</subfield>
      <subfield code="c">2014</subfield>
    </datafield>
    <datafield tag="300" ind1=" " ind2=" ">
      <subfield code="a">4 DVD (9 t, 58 min) :</subfield>
      <subfield code="b">lyd, kol.</subfield>
    </datafield>
    <datafield tag="336" ind1=" " ind2=" ">
      <subfield code="a">two-dimensional moving image</subfield>
      <subfield code="1">http://rdaregistry.info/termList/RDAContentType/1023</subfield>
      <subfield code="2">rdacontent</subfield>
    </datafield>
    <datafield tag="337" ind1=" " ind2=" ">
      <subfield code="a">video</subfield>
      <subfield code="1">http://rdaregistry.info/termList/RDAMediaType/1008 </subfield>
      <subfield code="2">rdamedia</subfield>
    </datafield>
    <datafield tag="338" ind1=" " ind2=" ">
      <subfield code="a">digital disc</subfield>
      <subfield code="1"> http://rdaregistry.info/termList/RDACarrierType/1013</subfield>
      <datafield tag="380" ind1=" " ind2=" "> </datafield>
      <subfield code="a">motion picture</subfield>
      <subfield code="1">http://id.loc.gov/vocabulary/marcgt/mot</subfield>
      <subfield code="2">marcgt</subfield>
    </datafield>
    <datafield tag="503" ind1=" " ind2=" ">
      <subfield code="a">Basert p ̄tegneserien</subfield>
    </datafield>
    <datafield tag="511" ind1="0" ind2=" ">
      <subfield code="a">I rollene: Corey Stoll, David Bradley, Ma̕ Maestro m.fl.</subfield>
    </datafield>
    <datafield tag="521" ind1=" " ind2=" ">
      <subfield code="a">Aldersgrense: 15 r̄</subfield>
    </datafield>
    <datafield tag="655" ind1=" " ind2=" ">
      <subfield code="a">Skrekk</subfield>
    </datafield>
    <datafield tag="700" ind1=" " ind2=" ">
      <subfield code="a">Hogan, Chuck</subfield>
      <subfield code="d">1967--</subfield>
      <subfield code="i">Adaptation of work</subfield>
      <subfield code="t">The Strain</subfield>
      <subfield code="1">http://viaf.org/viaf/185144898636950290102</subfield>
      <subfield code="4">http://rdaregistry.info/Elements/w/adaptationOfWork.en</subfield>
    </datafield>
    <datafield tag="700" ind1=" " ind2=" ">
      <subfield code="a">Toro, Guillermo del</subfield>
      <subfield code="d">1964-</subfield>
      <subfield code="i">Adaptation of work</subfield>
      <subfield code="t">The Strain</subfield>
      <subfield code="1">http://viaf.org/viaf/185144898636950290102</subfield>
      <subfield code="4">http://rdaregistry.info/Elements/w/adaptationOfWork.en</subfield>
    </datafield>
    <datafield tag="700" ind1="1" ind2=" ">
      <subfield code="a">Stoll, Corey.</subfield>
      <subfield code="d">1976-</subfield>
      <subfield code="1">http://viaf.org/viaf/187310305</subfield>
      <subfield code="4">cas</subfield>
    </datafield>
    <datafield tag="700" ind1="1" ind2=" ">
      <subfield code="a">Bradley, David</subfield>
      <subfield code="d">1942-</subfield>
      <subfield code="1">http://viaf.org/viaf/101576719</subfield>
      <subfield code="4">cas</subfield>
    </datafield>
    <datafield tag="852" ind1=" " ind2=" ">
      <subfield code="a">Bergen Off. Bibliotek</subfield>
      <subfield code="b">Bergen fengsel</subfield>
    </datafield>
  </record>