
  <record>
    <!--Drømmen om Narnia Reisen til det ytterste hav Lewis, C. S,DVD Akershus -->
    <leader>02178nam a2200325 a 450 </leader>
    <controlfield tag="001">0278028</controlfield>
    <controlfield tag="008">031016b               j          1 mul  </controlfield>
    <datafield tag="015" ind1=" " ind2=" ">
      <subfield code="a">806808</subfield>
    </datafield>
    <datafield tag="041" ind1=" " ind2=" ">
      <subfield code="a">eng</subfield>
      <subfield code="b">nob</subfield>
    </datafield>
    <datafield tag="082" ind1="1" ind2="4">
      <subfield code="2">5</subfield>
    </datafield>
    <datafield tag="130" ind1="1" ind2="0">
      <subfield code="a"> The voyage of the dawn treader</subfield>
      <subfield code="l">mul</subfield>
      <subfield code="1">http://viaf.org/viaf/214848100</subfield>
    </datafield>
    <datafield tag="245" ind1=" " ind2=" ">
      <subfield code="a">Drømmen om Narnia /</subfield>
      <subfield code="c">dramatised by Alan Seymour ; directed by Alex Kirby</subfield>
      <subfield code="n">2</subfield>
      <subfield code="p">Reisen til det ytterste hav</subfield>
      <subfield code="h">dvd</subfield>
    </datafield>
    <datafield tag="260" ind1=" " ind2=" ">
      <subfield code="a">[Stockholm] :</subfield>
      <subfield code="b">Pan Vision,</subfield>
      <subfield code="c">[2003]</subfield>
    </datafield>
    <datafield tag="300" ind1=" " ind2=" ">
      <subfield code="a">1 DVD (2 t, 48 min) :</subfield>
      <subfield code="b">lyd, kol.</subfield>
    </datafield>
    <datafield tag="336" ind1=" " ind2=" ">
      <subfield code="a">two-dimensional moving image</subfield>
      <subfield code="1">http://rdaregistry.info/termList/RDAContentType/1023</subfield>
      <subfield code="2">rdacontent</subfield>
    </datafield>
    <datafield tag="337" ind1=" " ind2=" ">
      <subfield code="a">video</subfield>
      <subfield code="1">http://rdaregistry.info/termList/RDAMediaType/1008 </subfield>
      <subfield code="2">rdamedia</subfield>
    </datafield>
    <datafield tag="338" ind1=" " ind2=" ">
      <subfield code="a">digital disc</subfield>
      <subfield code="1"> http://rdaregistry.info/termList/RDACarrierType/1013</subfield>
    </datafield>
    <datafield tag="380" ind1=" " ind2=" ">
      <subfield code="a">motion picture</subfield>
      <subfield code="1">http://id.loc.gov/vocabulary/marcgt/mot</subfield>
      <subfield code="2">marcgt</subfield>
    </datafield>
    <datafield tag="500" ind1=" " ind2=" ">
      <subfield code="a">Basert p:̄ Prins Caspian ; Reisen til det ytterste hav / C.S.
        Lewis</subfield>
    </datafield>
    <datafield tag="503" ind1=" " ind2=" ">
      <subfield code="a">Filmen laget: 1989</subfield>
    </datafield>
    <datafield tag="520" ind1=" " ind2=" ">
      <subfield code="a">Narnia, det forheksede landet, hvor spennende og farlige eventyr venter med
        ildsprutende drager, livlige nymfer, talende dyr og onde hekser. Prins Caspian kaller Peter,
        Susan, Edmund og Lucy til Narnia; han har nemlig behov for deres hjelp. Sammen med Aslan,
        den store løven, beseirer de kong Miraz i en spennende strid for ̄gjenopprette Narnias
        storhet og prakt. Flere r̄ senere havner Lucy og Edmund sammen med fetteren Eustace nok en
        gang i Narnia. Denne gangen skal de assistere Caspian p ̄en reise for ̄finne sju forsvunne
        lorder. Eventyret fr̜er dem til sammenstt̜ med s ̄vel drager som sjo̜rmer.</subfield>
    </datafield>
    <datafield tag="521" ind1=" " ind2=" ">
      <subfield code="a">Tillatt for alle</subfield>
    </datafield>
    <datafield tag="534" ind1=" " ind2=" ">
      <subfield code="a">Engelsk tittel: Prince Caspian and the voyage of the Dawn
        Treader</subfield>
    </datafield>
    <datafield tag="655" ind1=" " ind2=" ">
      <subfield code="a">Fantastisk</subfield>
    </datafield>
    <datafield tag="700" ind1=" " ind2=" ">
      <subfield code="a">Lewis, C S</subfield>
      <subfield code="d">1898-1963</subfield>
      <subfield code="i">Adaptation of work</subfield>
      <subfield code="t">The voyage of the dawn treader</subfield>
      <subfield code="1">http://viaf.org/viaf/315663134</subfield>
      <subfield code="4">http://rdaregistry.info/Elements/w/adaptationOfWork.en</subfield>
    </datafield>
    <datafield tag="700" ind1="1" ind2=" ">
      <subfield code="a">Lewis, C S,</subfield>
      <subfield code="d">1898-1963-</subfield>
      <subfield code="i"> preceded by work </subfield>
      <subfield code="t">Prince Caspian</subfield>
      <subfield code="1">http://viaf.org/viaf/179305775 </subfield>
      <subfield code="4"> http://rdaregistry.info/Elements/w/precededByWork.en </subfield>
    </datafield>
    <datafield tag="700" ind1="1" ind2=" ">
      <subfield code="a">Kirby, Alex.</subfield>
      <subfield code="e">regissr̜</subfield>
      <subfield code="1">http://viaf.org/viaf/278954390</subfield>
      <subfield code="4">drt</subfield>
    </datafield>
    <datafield tag="700" ind1="1" ind2=" ">
      <subfield code="a">Seymour, Alan,.</subfield>
      <subfield code="d">1922-2008</subfield>
      <subfield code="e">manusforf.</subfield>
      <subfield code="1">http://viaf.org/viaf/15343445</subfield>
      <subfield code="4">aus</subfield>
    </datafield>
    <datafield tag="852" ind1=" " ind2=" ">
      <subfield code="a">Fylkesbiblioteket i Akershus</subfield>
      <subfield code="b">Fyb. i Akershus Barn</subfield>
      <subfield code="c">DVD</subfield>
    </datafield>
    <datafield tag="852" ind1=" " ind2=" ">
      <subfield code="a">Fylkesbiblioteket i Akershus</subfield>
      <subfield code="b">Fyb. i Akershus Barn</subfield>
      <subfield code="c">DVD</subfield>
    </datafield>
    <datafield tag="852" ind1=" " ind2=" ">
      <subfield code="a">Fylkesbiblioteket i Akershus</subfield>
      <subfield code="b">Fyb. i Akershus Barn</subfield>
      <subfield code="c">DVD</subfield>
    </datafield>
  </record>