
  <record>
    <!--Løven heksa og klesskapet Lewis, C. S, nob, oversatt Akershus -->
    <leader>01268nam a2200277 a 450 </leader>
    <controlfield tag="001">0262053</controlfield>
    <controlfield tag="008">020422b               j          1 nob  </controlfield>
    <datafield tag="015" ind1=" " ind2=" ">
      <subfield code="a">754462</subfield>
    </datafield>
    <datafield tag="020" ind1=" " ind2=" ">
      <subfield code="a">82-05-30122-0</subfield>
    </datafield>
    <datafield tag="041" ind1=" " ind2=" ">
      <subfield code="a">nob</subfield>
      <subfield code="h">eng</subfield>
    </datafield>
    <datafield tag="100" ind1="1" ind2=" ">
      <subfield code="a">Lewis, C S</subfield>
      <subfield code="d">1898-1963.</subfield>
      <subfield code="q">(Clive Staples)</subfield>
      <subfield code="4">aut</subfield>
      <subfield code="1">http://viaf.org/viaf/22144877</subfield>
    </datafield>
    <datafield tag="240" ind1="1" ind2="0">
      <subfield code="a"> The lion, the witch and the wardrobe</subfield>
      <subfield code="l">Norsk Bokmål</subfield>
      <subfield code="1">ttp://viaf.org/viaf/368144928953654440927</subfield>
    </datafield>
    <datafield tag="245" ind1=" " ind2=" ">
      <subfield code="a">Løven, heksa og klesskapet /</subfield>
      <subfield code="c">C.S. Lewis ; oversatt av Tormod Haugen ; illustrert av Pauline
        Baynes</subfield>
    </datafield>
    <datafield tag="250" ind1=" " ind2=" ">
      <subfield code="a">Ny utg.</subfield>
    </datafield>
    <datafield tag="260" ind1=" " ind2=" ">
      <subfield code="a">[Oslo] :</subfield>
      <subfield code="b">Gyldendal Tiden,</subfield>
      <subfield code="c">2002</subfield>
    </datafield>
    <datafield tag="300" ind1=" " ind2=" ">
      <subfield code="a">162 s. :</subfield>
      <subfield code="b">ill.</subfield>
    </datafield>
    <datafield tag="336" ind1=" " ind2=" ">
      <subfield code="a">text</subfield>
      <subfield code="1">http://www.rdaregistry.info/termList/RDAContentType/#1020</subfield>
      <subfield code="2">rdacontent</subfield>
    </datafield>
    <datafield tag="337" ind1=" " ind2=" ">
      <subfield code="a">unmediated</subfield>
      <subfield code="1">http://rdaregistry.info/termList/RDAMediaType/1007</subfield>
      <subfield code="2">rdamedia</subfield>
    </datafield>
    <datafield tag="338" ind1=" " ind2=" ">
      <subfield code="a">volume</subfield>
      <subfield code="1"> http://www.rdaregistry.info/termList/RDACarrierType/#1049</subfield>
      <subfield code="2">rdacarrier</subfield>
    </datafield>
    <datafield tag="380" ind1=" " ind2=" ">
      <subfield code="a">book</subfield>
      <subfield code="1">http://id.loc.gov/vocabulary/marcgt/boo</subfield>
      <subfield code="2">marcgt</subfield>
    </datafield>
    <datafield tag="490" ind1=" " ind2=" ">
      <subfield code="a">Narnia-bøkene ; 2</subfield>
    </datafield>
    <datafield tag="503" ind1=" " ind2=" ">
      <subfield code="a">1. utg. av denne oversettelse: Gyldendal, 1979</subfield>
    </datafield>
    <datafield tag="534" ind1=" " ind2=" ">
      <subfield code="a">Originaltittel: The lion, the witch and the wardrobe</subfield>
    </datafield>
    <datafield tag="655" ind1=" " ind2=" ">
      <subfield code="a">Fantastisk</subfield>
    </datafield>
    <datafield tag="700" ind1="1" ind2=" ">
      <subfield code="a">Baynes, Pauline.</subfield>
      <subfield code="d">1922-2008</subfield>
      <subfield code="1">http://viaf.org/viaf/101872923</subfield>
      <subfield code="4">ill</subfield>
    </datafield>
    <datafield tag="700" ind1="1" ind2=" ">
      <subfield code="a">Haugen, Tormod.</subfield>
      <subfield code="d">1945-2008</subfield>
      <subfield code="1">http://viaf.org/viaf/103625475</subfield>
      <subfield code="4">trl</subfield>
    </datafield>
    <datafield tag="700" ind1="1" ind2=" ">
      <subfield code="a">Lewis, C S.,</subfield>
      <subfield code="d">1898-1963-</subfield>
      <subfield code="i"> Translation of work </subfield>
      <subfield code="t"> The lion the witch and the wardrobe </subfield>
      <subfield code="1"> http://viaf.org/viaf/179642103</subfield>
      <subfield code="4"> http://rdaregistry.info/Elements/w/freeTranslationOfWork.en </subfield>
    </datafield>
    <datafield tag="700" ind1="1" ind2=" ">
      <subfield code="a">Lewis, C S,</subfield>
      <subfield code="d">1898-1963-</subfield>
      <subfield code="i"> preceded by work </subfield>
      <subfield code="t">Drømmen om Narnia</subfield>
      <subfield code="1">http://viaf.org/viaf/67151051805833530003 </subfield>
      <subfield code="4"> http://rdaregistry.info/Elements/w/precededByWork.en </subfield>
    </datafield>
    <datafield tag="800" ind1=" " ind2=" ">
      <subfield code="a">Lewis, C.S.</subfield>
      <subfield code="c">forf.</subfield>
      <subfield code="d">1898-1963</subfield>
      <subfield code="t">Narnia-bøkene</subfield>
      <subfield code="v">2</subfield>
    </datafield>
    <datafield tag="852" ind1=" " ind2=" ">
      <subfield code="a">Fylkesbiblioteket i Akershus</subfield>
      <subfield code="b">Fyb. i Akershus Barn</subfield>
      <subfield code="c">Fantasy</subfield>
    </datafield>
  </record>