
  <!--Stephenie, Meyer-->
  <record>
    <!--Twilight Meyer, Stephenie  DVD Akershus -->
    <leader>02789nam a2200445 a 450 </leader>
    <controlfield tag="001">0419108</controlfield>
    <controlfield tag="008">090512b               j          1 mul  </controlfield>
    <datafield tag="015" ind1=" " ind2=" ">
      <subfield code="a">0242991</subfield>
    </datafield>
    <datafield tag="015" ind1=" " ind2=" ">
      <subfield code="a">1020670</subfield>
    </datafield>
    <datafield tag="041" ind1=" " ind2=" ">
      <subfield code="a">eng</subfield>
      <subfield code="b">nobdanswefin</subfield>
    </datafield>
    <datafield tag="082" ind1="1" ind2="4">
      <subfield code="a">398.45</subfield>
      <subfield code="2">5</subfield>
    </datafield>
    <datafield tag="130" ind1="1" ind2="0">
      <subfield code="a"> Twilight</subfield>
      <subfield code="l">Engelsk</subfield>
      <subfield code="1">http://viaf.org/viaf/206877962</subfield>
    </datafield>
    <datafield tag="245" ind1="0" ind2="0">
      <subfield code="a">Twilight /</subfield>
      <subfield code="c">screenplay by Melissa Rosenberg ; directed by Catherine
        Hardwicke</subfield>
      <subfield code="h">dvd</subfield>
    </datafield>
    <datafield tag="250" ind1=" " ind2=" ">
      <subfield code="a">Limited special ed.</subfield>
    </datafield>
    <datafield tag="260" ind1=" " ind2=" ">
      <subfield code="a">Oslo :</subfield>
      <subfield code="b">Nordisk film,</subfield>
      <subfield code="c">[2009]</subfield>
    </datafield>
    <datafield tag="300" ind1=" " ind2=" ">
      <subfield code="a">1 DVD (1 t, 57 min) :</subfield>
      <subfield code="b">lyd, kol.</subfield>
    </datafield>
    <datafield tag="336" ind1=" " ind2=" ">
      <subfield code="a">two-dimensional moving image</subfield>
      <subfield code="1">http://rdaregistry.info/termList/RDAContentType/1023</subfield>
      <subfield code="2">rdacontent</subfield>
    </datafield>
    <datafield tag="337" ind1=" " ind2=" ">
      <subfield code="a">video</subfield>
      <subfield code="1">http://rdaregistry.info/termList/RDAMediaType/1008 </subfield>
      <subfield code="2">rdamedia</subfield>
    </datafield>
    <datafield tag="338" ind1=" " ind2=" ">
      <subfield code="a">digital disc</subfield>
      <subfield code="1"> http://rdaregistry.info/termList/RDACarrierType/1013</subfield>
    </datafield>
    <datafield tag="380" ind1=" " ind2=" ">
      <subfield code="a">motion picture</subfield>
      <subfield code="1">http://id.loc.gov/vocabulary/marcgt/mot</subfield>
      <subfield code="2">marcgt</subfield>
    </datafield>
    <datafield tag="500" ind1=" " ind2=" ">
      <subfield code="a">Basert p:̄ Evighetens kyss / Stephenie Meyer</subfield>
    </datafield>
    <datafield tag="503" ind1=" " ind2=" ">
      <subfield code="a">Filmen laget: 2008</subfield>
    </datafield>
    <datafield tag="511" ind1="0" ind2=" ">
      <subfield code="a">I rollene: Kristen Stewart, Robert Pattinson, Billy Burke m.fl.</subfield>
    </datafield>
    <datafield tag="520" ind1=" " ind2=" ">
      <subfield code="a">Filmen Twilight handler om unge Bella, som lever et ganske begivenhetsls̜t
        liv helt til hun en dag mt̜er mystiske Edward. Han er ikke som de andre guttene hun har
        mt̜t. Han er smart, vittig og usedvanlig vakker. Han er udd̜elig. Han er vampyr... Men Bella
        klarer ikke holde seg borte fra han, og ingenting blir som fr̜. Filmen bygger p ̄den fr̜ste
        romanen i serien Twilight, skrevet av den amerikanske forfatteren Stephenie Meyer. Filmen
        fikk terningkast 3-4 i norske aviser.</subfield>
    </datafield>
    <datafield tag="521" ind1=" " ind2=" ">
      <subfield code="a">Aldersgrense 11 r̄</subfield>
    </datafield>
    <datafield tag="534" ind1=" " ind2=" ">
      <subfield code="a">Engelsk tittel: Twilight</subfield>
    </datafield>
    <datafield tag="650" ind1="2" ind2="4">
      <subfield code="a">Vampyrer</subfield>
      <subfield code="x">Spillefilmer</subfield>
    </datafield>
    <datafield tag="655" ind1=" " ind2=" ">
      <subfield code="a">Kjr̆lighet</subfield>
    </datafield>
    <datafield tag="700" ind1="1" ind2=" ">
      <subfield code="a">Meyer, Stephenie.</subfield>
      <subfield code="d">1973-</subfield>
      <subfield code="i">Adaptation of work</subfield>
      <subfield code="t">Twilight</subfield>
      <subfield code="1">http://viaf.org/viaf/310529073</subfield>
      <subfield code="4">http://rdaregistry.info/Elements/w/adaptationOfWork.en</subfield>
    </datafield>
    <datafield tag="700" ind1="1" ind2=" ">
      <subfield code="a">Burke, Billy</subfield>
      <subfield code="d">1966-</subfield>
      <subfield code="1">http://viaf.org/viaf/90624481</subfield>
      <subfield code="4">cas</subfield>
    </datafield>
    <datafield tag="700" ind1="1" ind2=" ">
      <subfield code="a">Hardwicke, Catherine,</subfield>
      <subfield code="d">1955-</subfield>
      <subfield code="1">http://viaf.org/viaf/51394598</subfield>
      <subfield code="4">drt.</subfield>
    </datafield>
    <datafield tag="700" ind1="1" ind2=" ">
      <subfield code="a">Pattinson, Robert</subfield>
      <subfield code="d">1986-</subfield>
      <subfield code="1">http://viaf.org/viaf/53976712</subfield>
      <subfield code="4">cas</subfield>
    </datafield>
    <datafield tag="700" ind1="1" ind2=" ">
      <subfield code="a">Rosenberg, Melissa</subfield>
      <subfield code="d">1990-</subfield>
      <subfield code="e">manusforf.</subfield>
      <subfield code="1">http://viaf.org/viaf/120371313</subfield>
      <subfield code="4">aus</subfield>
    </datafield>
    <datafield tag="700" ind1="1" ind2=" ">
      <subfield code="a">Stewart, Kristen</subfield>
      <subfield code="d">1990-</subfield>
      <subfield code="1">http://viaf.org/viaf/100506311</subfield>
      <subfield code="4">cas</subfield>
    </datafield>
    <datafield tag="852" ind1=" " ind2=" ">
      <subfield code="a">Fylkesbiblioteket i Akershus</subfield>
      <subfield code="b">Fyb. i Akershus Barn</subfield>
      <subfield code="c">DVD</subfield>
    </datafield>
    <datafield tag="852" ind1=" " ind2=" ">
      <subfield code="a">Fylkesbiblioteket i Akershus</subfield>
      <subfield code="b">Fyb. i Akershus Barn</subfield>
      <subfield code="c">DVD</subfield>
    </datafield>
  </record>