
  <record>
    <!--Eclipse Meyer, Stephenie DVD Akershus -->
    <leader>03151nam a2200529 a 450 </leader>
    <controlfield tag="001">0477384</controlfield>
    <controlfield tag="008">101206b               j          1 mul  </controlfield>
    <datafield tag="015" ind1=" " ind2=" ">
      <subfield code="a">0261930</subfield>
    </datafield>
    <datafield tag="015" ind1=" " ind2=" ">
      <subfield code="a">1091228</subfield>
    </datafield>
    <datafield tag="041" ind1=" " ind2=" ">
      <subfield code="a">eng</subfield>
      <subfield code="b">nobdanswefin</subfield>
    </datafield>
    <datafield tag="082" ind1="1" ind2="4">
      <subfield code="a">398.45</subfield>
      <subfield code="2">5</subfield>
    </datafield>
    <datafield tag="130" ind1="1" ind2="0">
      <subfield code="a"> Eclipse</subfield>
      <subfield code="l">Engelsk</subfield>
      <subfield code="1">http://viaf.org/viaf/292768066</subfield>
    </datafield>
    <datafield tag="245" ind1="0" ind2="0">
      <subfield code="a">Eclipse /</subfield>
      <subfield code="c">screenplay by Melissa Rosenberg ; directed by David Slade</subfield>
      <subfield code="h">dvd</subfield>
    </datafield>
    <datafield tag="250" ind1=" " ind2=" ">
      <subfield code="a">2 disc special ed.</subfield>
    </datafield>
    <datafield tag="260" ind1=" " ind2=" ">
      <subfield code="a">Oslo :</subfield>
      <subfield code="b">Nordisk film,</subfield>
      <subfield code="c">2010</subfield>
    </datafield>
    <datafield tag="300" ind1=" " ind2=" ">
      <subfield code="a">2 DVD-er (1 t, 59 min) :</subfield>
      <subfield code="b">lyd, kol.</subfield>
    </datafield>
    <datafield tag="336" ind1=" " ind2=" ">
      <subfield code="a">two-dimensional moving image</subfield>
      <subfield code="1">http://rdaregistry.info/termList/RDAContentType/1023</subfield>
      <subfield code="2">rdacontent</subfield>
    </datafield>
    <datafield tag="337" ind1=" " ind2=" ">
      <subfield code="a">video</subfield>
      <subfield code="1">http://rdaregistry.info/termList/RDAMediaType/1008 </subfield>
      <subfield code="2">rdamedia</subfield>
    </datafield>
    <datafield tag="338" ind1=" " ind2=" ">
      <subfield code="a">digital disc</subfield>
      <subfield code="1"> http://rdaregistry.info/termList/RDACarrierType/1013</subfield>
    </datafield>
    <datafield tag="380" ind1=" " ind2=" ">
      <subfield code="a">motion picture</subfield>
      <subfield code="1">http://id.loc.gov/vocabulary/marcgt/mot</subfield>
      <subfield code="2">marcgt</subfield>
    </datafield>
    <datafield tag="440" ind1=" " ind2="4">
      <subfield code="a">The Twilight saga</subfield>
    </datafield>
    <datafield tag="500" ind1=" " ind2=" ">
      <subfield code="a">Basert p ̄romanen: Formøkelsen / Stephenie Meyer</subfield>
    </datafield>
    <datafield tag="503" ind1=" " ind2=" ">
      <subfield code="a">Produksjonsr̄: 2010</subfield>
    </datafield>
    <datafield tag="511" ind1="0" ind2=" ">
      <subfield code="a">I rollene: Kristen Stewart, Robert Pattinson, Taylor Lautner
        m.fl.</subfield>
    </datafield>
    <datafield tag="520" ind1=" " ind2=" ">
      <subfield code="a">Bella er nok en gang omgitt av farer nr̄ Seattle terroriseres av en rekke
        mystiske drap, og en ondsinnet vampyr fortsetter sitt hevntokt. Midt i alt dette tvinges hun
        til ̄velge mellom sin kjr̆lighet til Edward og sitt vennskap med Jacob - vel vitende om at
        avgjr̜elsen kan nr̜e opp under kampen mellom varulver og vampyrer. Bella m ̄n ̄ta sitt livs
        viktigste beslutning. Samtidig er en krig under oppseiling. Filmen fikk terningkast
        3-4.</subfield>
    </datafield>
    <datafield tag="521" ind1=" " ind2=" ">
      <subfield code="a">Aldersgrense 11 r̄</subfield>
    </datafield>
    <datafield tag="534" ind1=" " ind2=" ">
      <subfield code="a">Originaltittel: Eclipse</subfield>
    </datafield>
    <datafield tag="650" ind1="2" ind2="4">
      <subfield code="a">Vampyrer</subfield>
      <subfield code="x">Spillefilmer</subfield>
    </datafield>
    <datafield tag="655" ind1=" " ind2=" ">
      <subfield code="a">Spillefilm</subfield>
      <subfield code="z">USA</subfield>
    </datafield>
    <datafield tag="655" ind1=" " ind2=" ">
      <subfield code="a">Drama</subfield>
    </datafield>
    <datafield tag="655" ind1=" " ind2=" ">
      <subfield code="a">Filmatisert bok</subfield>
    </datafield>
    <datafield tag="655" ind1=" " ind2=" ">
      <subfield code="a">Kjr̆lighet</subfield>
    </datafield>
    <datafield tag="655" ind1=" " ind2=" ">
      <subfield code="a">Spenning</subfield>
    </datafield>
    <datafield tag="700" ind1="1" ind2=" ">
      <subfield code="a">Meyer, Stephenie</subfield>
      <subfield code="d">1873-</subfield>
      <subfield code="i"> preceded by work </subfield>
      <subfield code="t">New moon</subfield>
      <subfield code="1">http://viaf.org/viaf/293056999</subfield>
      <subfield code="4"> http://rdaregistry.info/Elements/w/precededByWork.en </subfield>
    </datafield>
    <datafield tag="700" ind1="1" ind2=" ">
      <subfield code="a">Meyer, Stephenie.</subfield>
      <subfield code="d">1973-</subfield>
      <subfield code="i">Adaptation of work</subfield>
      <subfield code="t">Eclipse</subfield>
      <subfield code="1">http://viaf.org/viaf/206877152</subfield>
      <subfield code="4">http://rdaregistry.info/Elements/w/adaptationOfWork.en</subfield>
    </datafield>
    <datafield tag="700" ind1=" " ind2=" ">
      <subfield code="a">Lautner, Taylor,</subfield>
      <subfield code="d">1992-,</subfield>
      <subfield code="e">skuesp.</subfield>
      <subfield code="1">http://viaf.org/viaf/10142080</subfield>
      <subfield code="4">cas</subfield>
    </datafield>
    <datafield tag="700" ind1="1" ind2=" ">
      <subfield code="a">Pattinson, Robert</subfield>
      <subfield code="d">1986-</subfield>
      <subfield code="e">skuesp.</subfield>
      <subfield code="1">http://viaf.org/viaf/53976712</subfield>
      <subfield code="4">cas</subfield>
    </datafield>
    <datafield tag="700" ind1="1" ind2=" ">
      <subfield code="a">Rosenberg, Melissa</subfield>
      <subfield code="d">1990-</subfield>
      <subfield code="e">manusforf.</subfield>
      <subfield code="1">http://viaf.org/viaf/120371313</subfield>
      <subfield code="4">aus</subfield>
    </datafield>
    <datafield tag="700" ind1=" " ind2=" ">
      <subfield code="a">Slade, David,</subfield>
      <subfield code="d">1969-,</subfield>
      <subfield code="e">regissr̜</subfield>
      <subfield code="1">http://viaf.org/viaf/85328187</subfield>
      <subfield code="4">drt</subfield>
    </datafield>
    <datafield tag="700" ind1="1" ind2=" ">
      <subfield code="a">Stewart, Kristen</subfield>
      <subfield code="d">1990-</subfield>
      <subfield code="1">http://viaf.org/viaf/100506311</subfield>
      <subfield code="4">cas</subfield>
    </datafield>
    <datafield tag="852" ind1=" " ind2=" ">
      <subfield code="a">Fylkesbiblioteket i Akershus</subfield>
      <subfield code="b">Fyb. i Akershus Barn</subfield>
      <subfield code="c">DVD</subfield>
    </datafield>
    <datafield tag="852" ind1=" " ind2=" ">
      <subfield code="a">Fylkesbiblioteket i Akershus</subfield>
      <subfield code="b">Fyb. i Akershus Barn</subfield>
      <subfield code="c">DVD</subfield>
    </datafield>
  </record>