
  <record>
    <!--Samlebind The Twilight saga Meyer, Stephenie DVD Akershus -->
    <leader>03951nam a2200577 a 450 </leader>
    <controlfield tag="001">0526656</controlfield>
    <controlfield tag="008">111123b               j          1 mul  </controlfield>
    <datafield tag="015" ind1=" " ind2=" ">
      <subfield code="a">0274958</subfield>
    </datafield>
    <datafield tag="015" ind1=" " ind2=" ">
      <subfield code="a">5240213</subfield>
    </datafield>
    <datafield tag="041" ind1=" " ind2=" ">
      <subfield code="a">eng</subfield>
      <subfield code="b">danfinswenob</subfield>
      <subfield code="h">eng</subfield>
    </datafield>
    <datafield tag="082" ind1="1" ind2="4">
      <subfield code="a">398.45</subfield>
      <subfield code="2">5</subfield>
    </datafield>
    <datafield tag="130" ind1="1" ind2="0">
      <subfield code="a"> Twilight</subfield>
      <subfield code="l">Engelsk</subfield>
      <subfield code="1">http://viaf.org/viaf/206877962</subfield>
    </datafield>
    <datafield tag="245" ind1="0" ind2="4">
      <subfield code="a">The Twilight saga /</subfield>
      <subfield code="c">screenplay by Melissa Rosenberg ; directed by Catherine Hardwicke, Chris
        Weitz, David Slade</subfield>
      <subfield code="h">dvd</subfield>
    </datafield>
    <datafield tag="260" ind1=" " ind2=" ">
      <subfield code="a">Oslo :</subfield>
      <subfield code="b">Nordisk film,</subfield>
      <subfield code="c">2011</subfield>
    </datafield>
    <datafield tag="300" ind1=" " ind2=" ">
      <subfield code="a">3 DVD-er (7 t, 6 min) :</subfield>
      <subfield code="b">lyd, kol.</subfield>
    </datafield>
    <datafield tag="336" ind1=" " ind2=" ">
      <subfield code="a">two-dimensional moving image</subfield>
      <subfield code="1">http://rdaregistry.info/termList/RDAContentType/1023</subfield>
      <subfield code="2">rdacontent</subfield>
    </datafield>
    <datafield tag="337" ind1=" " ind2=" ">
      <subfield code="a">video</subfield>
      <subfield code="1">http://rdaregistry.info/termList/RDAMediaType/1008 </subfield>
      <subfield code="2">rdamedia</subfield>
    </datafield>
    <datafield tag="338" ind1=" " ind2=" ">
      <subfield code="a">digital disc</subfield>
      <subfield code="1"> http://rdaregistry.info/termList/RDACarrierType/1013</subfield>
    </datafield>
    <datafield tag="380" ind1=" " ind2=" ">
      <subfield code="a">motion picture</subfield>
      <subfield code="1">http://id.loc.gov/vocabulary/marcgt/mot</subfield>
      <subfield code="2">marcgt</subfield>
    </datafield>
    <datafield tag="500" ind1=" " ind2=" ">
      <subfield code="a">Basert p ̄romanene: Evighetens kyss ; Under en ny måne ; Formørkelsen /
        Stephenie Meyer</subfield>
    </datafield>
    <datafield tag="505" ind1="1" ind2=" ">
      <subfield code="a">Innhold: Twilight (2008) ; New moon (2009) ; Eclipse (2010)</subfield>
    </datafield>
    <datafield tag="511" ind1="0" ind2=" ">
      <subfield code="a">I rollene: Kristen Stewart, Robert Pattinson, Taylor Lautner
        m.fl.</subfield>
    </datafield>
    <datafield tag="520" ind1=" " ind2=" ">
      <subfield code="a">Denne boksen inneholder tre filmer i Twilight-serien. I "Twilight" flytter
        tenr̄ingen Bella Swan til den lille byen Forks, der hun mt̜er den kjekke og mystiske Edward
        Cullen. Men kan et menneske og en vampyr leve lykkelig? I "New moon" fortsetter Bella og
        Edwards romanse, men eldgamle hemmeligheter true med ̄d̜elegge alt. Og Bellas nye bekjent,
        Jacob, viser seg ogs ̄som noe mer enn bare en venn. I "Eclipse" truer en ond vampyr p ̄jakt
        etter hevn alt og alle Bella har kjr̆t. Samtidig m ̄hun velge mellom Edward og Jacob, et
        valg som kan f ̄store konsekvenser for forholdet mellom vampyrene og varulvene.</subfield>
    </datafield>
    <datafield tag="521" ind1=" " ind2=" ">
      <subfield code="a">Aldersgrense 11 r̄</subfield>
    </datafield>
    <datafield tag="534" ind1=" " ind2=" ">
      <subfield code="a">Originaltittel: The twilight saga</subfield>
    </datafield>
    <datafield tag="650" ind1="2" ind2="4">
      <subfield code="a">Vampyrer</subfield>
      <subfield code="x">Spillefilmer</subfield>
      <subfield code="2">BS</subfield>
    </datafield>
    <datafield tag="655" ind1=" " ind2=" ">
      <subfield code="a">Drama</subfield>
      <subfield code="2">BS</subfield>
    </datafield>
    <datafield tag="655" ind1=" " ind2=" ">
      <subfield code="a">Filmatisert bok</subfield>
      <subfield code="2">BS</subfield>
    </datafield>
    <datafield tag="655" ind1=" " ind2=" ">
      <subfield code="a">Kjr̆lighet</subfield>
      <subfield code="2">BS</subfield>
    </datafield>
    <datafield tag="655" ind1=" " ind2=" ">
      <subfield code="a">Spenning</subfield>
      <subfield code="2">BS</subfield>
    </datafield>
    <datafield tag="655" ind1=" " ind2=" ">
      <subfield code="a">Spillefilm</subfield>
      <subfield code="z">USA</subfield>
      <subfield code="2">BS</subfield>
    </datafield>
    <datafield tag="700" ind1="1" ind2=" ">
      <subfield code="a">Hardwicke, Catherine,</subfield>
      <subfield code="d">1955-</subfield>
      <subfield code="1">http://viaf.org/viaf/51394598</subfield>
      <subfield code="4">drt.</subfield>
    </datafield>
    <datafield tag="700" ind1=" " ind2=" ">
      <subfield code="a">Lautner, Taylor,</subfield>
      <subfield code="d">1992-,</subfield>
      <subfield code="e">skuesp.</subfield>
      <subfield code="1">http://viaf.org/viaf/10142080</subfield>
      <subfield code="4">cas</subfield>
    </datafield>
    <datafield tag="700" ind1="1" ind2="2">
      <subfield code="a">Meyer, Stephenie,</subfield>
      <subfield code="d">1973-,</subfield>
      <subfield code="l">Engelsk</subfield>
      <subfield code="t">Eclipse</subfield>
      <subfield code="1">http://viaf.org/viaf/292768066</subfield>
    </datafield>
    <datafield tag="700" ind1="1" ind2="2">
      <subfield code="a">Meyer, Stephenie,</subfield>
      <subfield code="d">1973-,</subfield>
      <subfield code="l">Engelsk</subfield>
      <subfield code="t">New Moon</subfield>
      <subfield code="1">http://viaf.org/viaf/293056999</subfield>
    </datafield>
    <datafield tag="700" ind1="1" ind2=" ">
      <subfield code="a">Pattinson, Robert</subfield>
      <subfield code="d">1986-</subfield>
      <subfield code="e">skuesp.</subfield>
      <subfield code="1">http://viaf.org/viaf/53976712</subfield>
      <subfield code="4">cas</subfield>
    </datafield>
    <datafield tag="700" ind1="1" ind2=" ">
      <subfield code="a">Rosenberg, Melissa</subfield>
      <subfield code="d">1990-</subfield>
      <subfield code="e">manusforf.</subfield>
      <subfield code="1">http://viaf.org/viaf/120371313</subfield>
      <subfield code="4">aus</subfield>
    </datafield>
    <datafield tag="700" ind1=" " ind2=" ">
      <subfield code="a">Weitz, Chris,</subfield>
      <subfield code="d">1969-,</subfield>
      <subfield code="e">regissr̜</subfield>
      <subfield code="1">http://viaf.org/viaf/119975667</subfield>
      <subfield code="4">drt</subfield>
    </datafield>
    <datafield tag="700" ind1=" " ind2=" ">
      <subfield code="a">Slade, David,</subfield>
      <subfield code="d">1969-,</subfield>
      <subfield code="e">regissr̜</subfield>
      <subfield code="1">http://viaf.org/viaf/85328187</subfield>
      <subfield code="4">drt</subfield>
    </datafield>
    <datafield tag="700" ind1="1" ind2=" ">
      <subfield code="a">Stewart, Kristen</subfield>
      <subfield code="d">1990-</subfield>
      <subfield code="1">http://viaf.org/viaf/100506311</subfield>
      <subfield code="4">cas</subfield>
    </datafield>
    <datafield tag="852" ind1=" " ind2=" ">
      <subfield code="a">Fylkesbiblioteket i Akershus</subfield>
      <subfield code="b">Fyb. i Akershus Barn</subfield>
      <subfield code="c">DVD</subfield>
    </datafield>
  </record>