
  <record>
    <!--Eclipse Meyer, Stephenie lydopptak eng Akershus -->
    <leader>01017nam a2200265 a 450 </leader>
    <controlfield tag="001">0443094</controlfield>
    <controlfield tag="008">091022b               j          1 eng  </controlfield>
    <datafield tag="015" ind1=" " ind2=" ">
      <subfield code="a">0247989</subfield>
    </datafield>
    <datafield tag="015" ind1=" " ind2=" ">
      <subfield code="a">1044183</subfield>
    </datafield>
    <datafield tag="020" ind1=" " ind2=" ">
      <subfield code="a">978-1-4055-0773-8</subfield>
    </datafield>
    <datafield tag="041" ind1=" " ind2=" ">
      <subfield code="a">eng</subfield>
    </datafield>
    <datafield tag="082" ind1="1" ind2="4">
      <subfield code="a">398.45</subfield>
      <subfield code="2">5</subfield>
    </datafield>
    <datafield tag="100" ind1="1" ind2=" ">
      <subfield code="a">Meyer, Stephenie</subfield>
      <subfield code="d">1973-</subfield>
      <subfield code="4">aut</subfield>
      <subfield code="1">http://viaf.org/viaf/102313919</subfield>
    </datafield>
    <datafield tag="240" ind1="1" ind2="0">
      <subfield code="a"> Eclipse</subfield>
      <subfield code="l">Engelsk</subfield>
      <!--<subfield code="1">Finner ikke permalink til Lydopptak av Eclipse i viaf</subfield>-->
    </datafield>
    <datafield tag="245" ind1="1" ind2="0">
      <subfield code="a">Eclipse /</subfield>
      <subfield code="c">Stephenie Meyer</subfield>
      <subfield code="h">lydopptak</subfield>
    </datafield>
    <datafield tag="260" ind1=" " ind2=" ">
      <subfield code="a">New York :</subfield>
      <subfield code="b">Hachette Digital,</subfield>
      <subfield code="c">2007</subfield>
    </datafield>
    <datafield tag="300" ind1=" " ind2=" ">
      <subfield code="a">13 kompaktplater (16 t, 30 min)</subfield>
    </datafield>
    <datafield tag="336" ind1=" " ind2=" ">
      <subfield code="a">spoken word</subfield>
      <subfield code="1">http://www.rdaregistry.info/termList/RDAContentType/#1013</subfield>
      <subfield code="2">rdacontent</subfield>
    </datafield>
    <datafield tag="337" ind1=" " ind2=" ">
      <subfield code="a">audio</subfield>
      <subfield code="1">http://rdaregistry.info/termList/RDAMediaType/1001</subfield>
      <subfield code="2">rdamedia</subfield>
    </datafield>
    <datafield tag="338" ind1=" " ind2=" ">
      <subfield code="a">computer disc</subfield>
      <subfield code="1">http://rdaregistry.info/termList/RDACarrierType/1013</subfield>
      <subfield code="2">rdacarrier</subfield>
    </datafield>
    <datafield tag="380" ind1=" " ind2=" ">
      <subfield code="a">sound</subfield>
      <subfield code="1">http://id.loc.gov/vocabulary/marcgt/sou</subfield>
      <subfield code="2">marcgt</subfield>
    </datafield>
    <datafield tag="511" ind1="0" ind2=" ">
      <subfield code="a">Lest av Ilyana Kadushin</subfield>
    </datafield>
    <datafield tag="650" ind1="2" ind2="4">
      <subfield code="a">Vampyrer</subfield>
      <subfield code="x">Fortellinger</subfield>
      <subfield code="2">BS</subfield>
    </datafield>
    <datafield tag="655" ind1=" " ind2=" ">
      <subfield code="a">Spenning</subfield>
      <subfield code="2">BS</subfield>
    </datafield>
    <datafield tag="700" ind1="1" ind2=" ">
      <subfield code="a">Meyer, Stephenie</subfield>
      <subfield code="d">1873-</subfield>
      <subfield code="i"> preceded by work </subfield>
      <subfield code="t">New moon</subfield>
      <!--<subfield code="1">Finner ikke permalink i viaf til lydbok av new moon</subfield>-->
      <subfield code="4"> http://rdaregistry.info/Elements/w/precededByWork.en </subfield>
    </datafield>
    <datafield tag="700" ind1=" " ind2=" ">
      <subfield code="a">Kadushin, Ilyana,</subfield>
      <subfield code="e">innl.</subfield>
      <subfield code="1">http://viaf.org/viaf/61320483</subfield>
      <subfield code="4">nrt</subfield>
    </datafield>
    <datafield tag="780" ind1="0" ind2="0">
      <subfield code="t">New moon</subfield>
    </datafield>
    <datafield tag="785" ind1="0" ind2="0">
      <subfield code="t">Breaking dawn</subfield>
    </datafield>
    <datafield tag="852" ind1=" " ind2=" ">
      <subfield code="a">Fylkesbiblioteket i Akershus</subfield>
      <subfield code="b">Fyb. i Akershus Barn</subfield>
      <subfield code="c">CD lydbok</subfield>
    </datafield>
  </record>