
  <record>
    <!--Breakng dawn Meyer, Stephenie Lydopptak eng Akershus -->
    <leader>01338nam a2200277 a 450 </leader>
    <controlfield tag="001">0423897</controlfield>
    <controlfield tag="008">090520b               j          1 eng  </controlfield>
    <datafield tag="015" ind1=" " ind2=" ">
      <subfield code="a">0244737</subfield>
    </datafield>
    <datafield tag="015" ind1=" " ind2=" ">
      <subfield code="a">1596810</subfield>
    </datafield>
    <datafield tag="020" ind1=" " ind2=" ">
      <subfield code="a">978-0-7393-6767-4</subfield>
    </datafield>
    <datafield tag="041" ind1=" " ind2=" ">
      <subfield code="a">eng</subfield>
    </datafield>
    <datafield tag="082" ind1="1" ind2="4">
      <subfield code="a">398.45</subfield>
      <subfield code="2">5</subfield>
    </datafield>
    <datafield tag="100" ind1="1" ind2=" ">
      <subfield code="a">Meyer, Stephenie</subfield>
      <subfield code="d">1973-</subfield>
      <subfield code="4">aut</subfield>
      <subfield code="1">http://viaf.org/viaf/102313919</subfield>
    </datafield>
    <datafield tag="240" ind1="1" ind2="0">
      <subfield code="a"> Breaking dawn</subfield>
      <subfield code="l">Engelsk</subfield>
      <!--<subfield code="1">Finner ikke permalink i viaf til lydopptak av breaking dawn</subfield>-->
    </datafield>
    <datafield tag="245" ind1="1" ind2="0">
      <subfield code="a">Breaking dawn /</subfield>
      <subfield code="c">Stephenie Meyer</subfield>
      <subfield code="h">lydopptak</subfield>
    </datafield>
    <datafield tag="260" ind1=" " ind2=" ">
      <subfield code="a">New York :</subfield>
      <subfield code="b">Random House,</subfield>
      <subfield code="c">2008</subfield>
    </datafield>
    <datafield tag="300" ind1=" " ind2=" ">
      <subfield code="a">16 kompaktplater (20 t, 29 min)</subfield>
    </datafield>
    <datafield tag="336" ind1=" " ind2=" ">
      <subfield code="a">spoken word</subfield>
      <subfield code="1">http://www.rdaregistry.info/termList/RDAContentType/#1013</subfield>
      <subfield code="2">rdacontent</subfield>
    </datafield>
    <datafield tag="337" ind1=" " ind2=" ">
      <subfield code="a">audio</subfield>
      <subfield code="1">http://rdaregistry.info/termList/RDAMediaType/1001</subfield>
      <subfield code="2">rdamedia</subfield>
    </datafield>
    <datafield tag="338" ind1=" " ind2=" ">
      <subfield code="a">computer disc</subfield>
      <subfield code="1">http://rdaregistry.info/termList/RDACarrierType/1013</subfield>
      <subfield code="2">rdacarrier</subfield>
    </datafield>
    <datafield tag="380" ind1=" " ind2=" ">
      <subfield code="a">sound</subfield>
      <subfield code="1">http://id.loc.gov/vocabulary/marcgt/sou</subfield>
      <subfield code="2">marcgt</subfield>
    </datafield>
    <datafield tag="440" ind1=" " ind2="0">
      <subfield code="a">Listening library</subfield>
    </datafield>
    <datafield tag="511" ind1="0" ind2=" ">
      <subfield code="a">Lest av Ilyana Kadushin og Matt Walters</subfield>
    </datafield>
    <datafield tag="520" ind1=" " ind2=" ">
      <subfield code="a">I forrige bok ble Bella Swan dratt mellom kjr̆ligheten til vampyren Edward
        Cullen og vennskapet til varulven Jacob Black. I denne fjerde og siste boken fr̄ vi endelig
        vite hvordan det gr̄. Kan det bli fred mellom vampyrene og varulvene? Og har Bella og Edward
        en fremtid sammen?</subfield>
    </datafield>
    <datafield tag="650" ind1="2" ind2="4">
      <subfield code="a">Vampyrer</subfield>
      <subfield code="x">Fortellinger</subfield>
    </datafield>
    <datafield tag="700" ind1="1" ind2=" ">
      <subfield code="a">Meyer, Stephenie</subfield>
      <subfield code="d">1873-</subfield>
      <subfield code="i"> preceded by work </subfield>
      <subfield code="t">Eclipse</subfield>
      <!--<subfield code="1">Finner ikke permalinken til lydopptak av Eclipse i viaf </subfield>-->
      <subfield code="4"> http://rdaregistry.info/Elements/w/precededByWork.en </subfield>
    </datafield>
    <datafield tag="700" ind1=" " ind2=" ">
      <subfield code="a">Kadushin, Ilyana,</subfield>
      <subfield code="e">innl.</subfield>
      <subfield code="1">http://viaf.org/viaf/61320483</subfield>
      <subfield code="4">nrt</subfield>
    </datafield>
    <datafield tag="700" ind1=" " ind2=" ">
      <subfield code="a">Walters, Matt,</subfield>
      <subfield code="e">innl.</subfield>
      <subfield code="1">http://viaf.org/viaf/53967534</subfield>
      <subfield code="4">nrt</subfield>
    </datafield>
    <datafield tag="780" ind1="0" ind2="0">
      <subfield code="t">Eclipse</subfield>
    </datafield>
    <datafield tag="852" ind1=" " ind2=" ">
      <subfield code="a">Fylkesbiblioteket i Akershus</subfield>
      <subfield code="b">Fyb. i Akershus Barn</subfield>
      <subfield code="c">CD lydbok</subfield>
    </datafield>
  </record>