
  <record>
    <!--Evighetens kyss Meyer, Stephenie nob oversatt Akershus -->
    <leader>01889nam a2200337 a 450 </leader>
    <controlfield tag="001">0415240</controlfield>
    <controlfield tag="008">090304b                          1 nob  </controlfield>
    <datafield tag="015" ind1=" " ind2=" ">
      <subfield code="a">0240889</subfield>
    </datafield>
    <datafield tag="015" ind1=" " ind2=" ">
      <subfield code="a">1960293</subfield>
    </datafield>
    <datafield tag="020" ind1=" " ind2=" ">
      <subfield code="a">978-82-05-37823-0</subfield>
      <subfield code="z">978-82-05-39031-7</subfield>
    </datafield>
    <datafield tag="041" ind1=" " ind2=" ">
      <subfield code="a">nob</subfield>
      <subfield code="h">eng</subfield>
    </datafield>
    <datafield tag="082" ind1="1" ind2="4">
      <subfield code="a">398.45</subfield>
      <subfield code="2">5</subfield>
    </datafield>
    <datafield tag="100" ind1="1" ind2=" ">
      <subfield code="a">Meyer, Stephenie</subfield>
      <subfield code="d">1973-</subfield>
      <subfield code="4">aut</subfield>
      <subfield code="1">http://viaf.org/viaf/102313919</subfield>
    </datafield>
    <datafield tag="240" ind1="1" ind2="0">
      <subfield code="a"> Twilight</subfield>
      <subfield code="l">Norsk Bokmål</subfield>
      <subfield code="1">http://viaf.org/viaf/277146462706927772237</subfield>
    </datafield>
    <datafield tag="245" ind1="1" ind2="0">
      <subfield code="a">Evighetens kyss /</subfield>
      <subfield code="c">Stephenie Meyer ; oversatt av Gry Brenna</subfield>
    </datafield>
    <datafield tag="250" ind1=" " ind2=" ">
      <subfield code="a">3. utg., 2. oppl.</subfield>
    </datafield>
    <datafield tag="260" ind1=" " ind2=" ">
      <subfield code="a">[Oslo] :</subfield>
      <subfield code="b">Gyldendal,</subfield>
      <subfield code="c">2008</subfield>
    </datafield>
    <datafield tag="300" ind1=" " ind2=" ">
      <subfield code="a">475 s.</subfield>
    </datafield>
    <datafield tag="336" ind1=" " ind2=" ">
      <subfield code="a">text</subfield>
      <subfield code="1">http://www.rdaregistry.info/termList/RDAContentType/#1020</subfield>
      <subfield code="2">rdacontent</subfield>
    </datafield>
    <datafield tag="337" ind1=" " ind2=" ">
      <subfield code="a">unmediated</subfield>
      <subfield code="1">http://rdaregistry.info/termList/RDAMediaType/1007</subfield>
      <subfield code="2">rdamedia</subfield>
    </datafield>
    <datafield tag="338" ind1=" " ind2=" ">
      <subfield code="a">volume</subfield>
      <subfield code="1"> http://www.rdaregistry.info/termList/RDACarrierType/#1049</subfield>
      <subfield code="2">rdacarrier</subfield>
    </datafield>
    <datafield tag="380" ind1=" " ind2=" ">
      <subfield code="a">book</subfield>
      <subfield code="1">http://id.loc.gov/vocabulary/marcgt/boo</subfield>
      <subfield code="2">marcgt</subfield>
    </datafield>
    <datafield tag="440" ind1=" " ind2="0">
      <subfield code="a">Twilight-sagaen</subfield>
    </datafield>
    <datafield tag="503" ind1=" " ind2=" ">
      <subfield code="a">1. norske utg: 2006</subfield>
    </datafield>
    <datafield tag="520" ind1=" " ind2=" ">
      <subfield code="a">Nr̄ Bella flytter til Forks, en by i Washington hvor det alltid regner, er
        det kanskje det mest kjedelige hun har gjort i sitt liv. Men s ̄mt̜er hun den mystiske og
        utenomjordiske Edward Cullen, en vampyr, og livet til Bella blir snudd opp ned. Hun blir
        hodestups forelsket, men det er en farlig kjr̆lighet. Her blir det bd̄e dirrende erotisk
        spenning og snikende uhygge. Spenning for ungdomstrinnet.</subfield>
    </datafield>
    <datafield tag="534" ind1=" " ind2=" ">
      <subfield code="a">Originaltittel: Twilight</subfield>
    </datafield>
    <datafield tag="650" ind1="2" ind2="4">
      <subfield code="a">Vampyrer</subfield>
      <subfield code="x">Fortellinger</subfield>
      <subfield code="2">BS</subfield>
    </datafield>
    <datafield tag="700" ind1="1" ind2=" ">
      <subfield code="a">Lewis, C S.,</subfield>
      <subfield code="d">1898-1963-</subfield>
      <subfield code="i"> Translation of work</subfield>
      <subfield code="t">Twilight</subfield>
      <subfield code="1">http://viaf.org/viaf/310529073 /</subfield>
      <subfield code="4"> http://rdaregistry.info/Elements/w/freeTranslationOfWork.en </subfield>
    </datafield>
    <datafield tag="700" ind1="1" ind2=" ">
      <subfield code="a">Brenna, Gry</subfield>
      <subfield code="d">1951-</subfield>
      <subfield code="1">http://viaf.org/viaf/222253026</subfield>
      <subfield code="4">trl</subfield>
    </datafield>
    <datafield tag="785" ind1="0" ind2="0">
      <subfield code="t">Under en ny måne</subfield>
    </datafield>
    <datafield tag="852" ind1=" " ind2=" ">
      <subfield code="a">Fylkesbiblioteket i Akershus</subfield>
      <subfield code="b">Fyb. i Akershus Barn</subfield>
    </datafield>
    <datafield tag="856" ind1=" " ind2=" ">
      <subfield code="u">http://stepheniemeyer.com/twilightseries.html</subfield>
      <subfield code="z">Tilhr̜ende nettside: Stephenie Meyer offisielle hjemmeside</subfield>
    </datafield>
  </record>