
  <record>
    <!--Under en ny måne,Meyer, Stephenie nob oversatt, Akershus -->
    <leader>01929nam a2200325 a 450 </leader>
    <controlfield tag="001">0400180</controlfield>
    <controlfield tag="008">080822b               j          1 nob  </controlfield>
    <datafield tag="015" ind1=" " ind2=" ">
      <subfield code="a">0215360</subfield>
    </datafield>
    <datafield tag="015" ind1=" " ind2=" ">
      <subfield code="a">989182</subfield>
    </datafield>
    <datafield tag="020" ind1=" " ind2=" ">
      <subfield code="a">978-82-05-37835-3</subfield>
    </datafield>
    <datafield tag="041" ind1=" " ind2=" ">
      <subfield code="a">nob</subfield>
      <subfield code="h">eng</subfield>
    </datafield>
    <datafield tag="082" ind1="1" ind2="4">
      <subfield code="a">398.45</subfield>
      <subfield code="2">5</subfield>
    </datafield>
    <datafield tag="100" ind1="1" ind2=" ">
      <subfield code="a">Meyer, Stephenie</subfield>
      <subfield code="d">1973-</subfield>
      <subfield code="4">aut</subfield>
      <subfield code="1">http://viaf.org/viaf/102313919</subfield>
    </datafield>
    <datafield tag="240" ind1="1" ind2="0">
      <subfield code="a"> New moon</subfield>
      <subfield code="l">Norsk</subfield>
      <subfield code="1">http://viaf.org/viaf/202145911280427062881</subfield>
    </datafield>
    <datafield tag="245" ind1="1" ind2="0">
      <subfield code="a">Under en ny måne /</subfield>
      <subfield code="c">Stephenie Meyer ; oversatt av Vibeke Saugestad</subfield>
    </datafield>
    <datafield tag="260" ind1=" " ind2=" ">
      <subfield code="a">[Oslo] :</subfield>
      <subfield code="b">Gyldendal,</subfield>
      <subfield code="c">2008</subfield>
    </datafield>
    <datafield tag="300" ind1=" " ind2=" ">
      <subfield code="a">612 s.</subfield>
    </datafield>
    <datafield tag="336" ind1=" " ind2=" ">
      <subfield code="a">text</subfield>
      <subfield code="1">http://www.rdaregistry.info/termList/RDAContentType/#1020</subfield>
      <subfield code="2">rdacontent</subfield>
    </datafield>
    <datafield tag="337" ind1=" " ind2=" ">
      <subfield code="a">unmediated</subfield>
      <subfield code="1">http://rdaregistry.info/termList/RDAMediaType/1007</subfield>
      <subfield code="2">rdamedia</subfield>
    </datafield>
    <datafield tag="338" ind1=" " ind2=" ">
      <subfield code="a">volume</subfield>
      <subfield code="1"> http://www.rdaregistry.info/termList/RDACarrierType/#1049</subfield>
      <subfield code="2">rdacarrier</subfield>
    </datafield>
    <datafield tag="380" ind1=" " ind2=" ">
      <subfield code="a">book</subfield>
      <subfield code="1">http://id.loc.gov/vocabulary/marcgt/boo</subfield>
      <subfield code="2">marcgt</subfield>
    </datafield>
    <datafield tag="440" ind1=" " ind2=" ">
      <subfield code="a">Twilight-sagaen</subfield>
    </datafield>
    <datafield tag="520" ind1=" " ind2=" ">
      <subfield code="a">Etter en nesten magisk sommer sammen med vampyrkjr̆esten Edward Cullen,
        nr̆mer Bella seg sin attenr̄sdag. En fryktelig tanke slr̄ henne, mens hun kommer til ̄eldes
        slik alle mennesker gjr̜, vil Edward alltid forbli ung og vakker. Dette er den andre
        grs̜serhistorien om Bella og Edward, som ogs ̄er en eksepsjonell kjr̆lighetshistorie. Det er
        en intens erotisk spenning mellom de to som ikke kan leve ut forelskelsen slik andre kan.
        Spenning for ungdomstrinnet.</subfield>
    </datafield>
    <datafield tag="534" ind1=" " ind2=" ">
      <subfield code="a">Originaltittel: New moon</subfield>
    </datafield>
    <datafield tag="650" ind1="2" ind2="4">
      <subfield code="a">Vampyrer</subfield>
      <subfield code="x">Folklore</subfield>
      <subfield code="x">Fortellinger</subfield>
      <subfield code="2">BS</subfield>
    </datafield>
    <datafield tag="700" ind1="1" ind2=" ">
      <subfield code="a">Meyer, Stephenie,</subfield>
      <subfield code="d">1973-</subfield>
      <subfield code="i"> Translation of work</subfield>
      <subfield code="t">New moon </subfield>
      <subfield code="1">http://viaf.org/viaf/201895337 /</subfield>
      <subfield code="4"> http://rdaregistry.info/Elements/w/freeTranslationOfWork.en </subfield>
    </datafield>
    <datafield tag="700" ind1="1" ind2=" ">
      <subfield code="a">Saugestad, Vibeke </subfield>
      <subfield code="d">1976-</subfield>
      <subfield code="1"> http://viaf.org/viaf/224252552</subfield>
      <subfield code="4">trl</subfield>
    </datafield>
    <datafield tag="700" ind1="1" ind2=" ">
      <subfield code="a">Meyer, Stephenie</subfield>
      <subfield code="d">1973--</subfield>
      <subfield code="i"> preceded by work</subfield>
      <subfield code="t">.Twilight</subfield>
      <subfield code="1">http://viaf.org/viaf/277146462706927772237</subfield>
      <subfield code="4"> http://rdaregistry.info/Elements/w/precededByWork.en </subfield>
    </datafield>
    <datafield tag="780" ind1=" " ind2=" ">
      <subfield code="a">Evighetens kyss</subfield>
      <subfield code="w">350641</subfield>
    </datafield>
    <datafield tag="780" ind1="0" ind2="0">
      <subfield code="t">Evighetens kyss</subfield>
    </datafield>
    <datafield tag="852" ind1=" " ind2=" ">
      <subfield code="a">Fylkesbiblioteket i Akershus</subfield>
      <subfield code="b">Fyb. i Akershus Barn</subfield>
    </datafield>
    <datafield tag="856" ind1=" " ind2=" ">
      <subfield code="u">http://stepheniemeyer.com/twilightseries.html</subfield>
      <subfield code="z">Tilhr̜ende nettside: Stephenie Meyers offisielle hjemmeside</subfield>
    </datafield>
  </record>