
  <record>
    <!--New moon Meyer, Stephenie eng.Akershus -->
    <leader>01322nam a2200265 a 450 </leader>
    <controlfield tag="001">0406897</controlfield>
    <controlfield tag="008">081010b               j          1 eng  </controlfield>
    <datafield tag="015" ind1=" " ind2=" ">
      <subfield code="a">0174496</subfield>
    </datafield>
    <datafield tag="015" ind1=" " ind2=" ">
      <subfield code="a">920007</subfield>
    </datafield>
    <datafield tag="020" ind1=" " ind2=" ">
      <subfield code="a">0-316-16019-9</subfield>
    </datafield>
    <datafield tag="020" ind1=" " ind2=" ">
      <subfield code="a">978-0-316-16019-3</subfield>
    </datafield>
    <datafield tag="041" ind1=" " ind2=" ">
      <subfield code="a">eng</subfield>
    </datafield>
    <datafield tag="082" ind1="1" ind2="4">
      <subfield code="a">398.45</subfield>
      <subfield code="2">5</subfield>
    </datafield>
    <datafield tag="240" ind1="1" ind2="0">
      <subfield code="a"> New moon</subfield>
      <subfield code="l">Engelsk</subfield>
      <subfield code="1">http://viaf.org/viaf/201895337</subfield>
    </datafield>
    <datafield tag="100" ind1="1" ind2=" ">
      <subfield code="a">Meyer, Stephenie</subfield>
      <subfield code="d">1973-</subfield>
      <subfield code="4">aut</subfield>
      <subfield code="1">http://viaf.org/viaf/102313919</subfield>
    </datafield>
    <datafield tag="245" ind1="1" ind2="0">
      <subfield code="a">New moon /</subfield>
      <subfield code="c">Stephenie Meyer</subfield>
    </datafield>
    <datafield tag="260" ind1=" " ind2=" ">
      <subfield code="a">New York :</subfield>
      <subfield code="b">Little, Brown,</subfield>
      <subfield code="c">2006</subfield>
    </datafield>
    <datafield tag="300" ind1=" " ind2=" ">
      <subfield code="a">563 s.</subfield>
    </datafield>
    <datafield tag="336" ind1=" " ind2=" ">
      <subfield code="a">text</subfield>
      <subfield code="1">http://www.rdaregistry.info/termList/RDAContentType/#1020</subfield>
      <subfield code="2">rdacontent</subfield>
    </datafield>
    <datafield tag="337" ind1=" " ind2=" ">
      <subfield code="a">unmediated</subfield>
      <subfield code="1">http://rdaregistry.info/termList/RDAMediaType/1007</subfield>
      <subfield code="2">rdamedia</subfield>
    </datafield>
    <datafield tag="338" ind1=" " ind2=" ">
      <subfield code="a">volume</subfield>
      <subfield code="1"> http://www.rdaregistry.info/termList/RDACarrierType/#1049</subfield>
      <subfield code="2">rdacarrier</subfield>
    </datafield>
    <datafield tag="380" ind1=" " ind2=" ">
      <subfield code="a">book</subfield>
      <subfield code="1">http://id.loc.gov/vocabulary/marcgt/boo</subfield>
      <subfield code="2">marcgt</subfield>
    </datafield>
    <datafield tag="520" ind1=" " ind2=" ">
      <subfield code="a">Etter en nesten magisk sommer sammen med vampyrkjr̆esten Edward Cullen,
        nr̆mer Bella seg sin attenr̄sdag. En fryktelig tanke slr̄ henne; mens hun kommer til ̄eldes
        slik alle mennesker gjr̜, vil Edward alltid forbli ung og vakker. Den fr̜ste boken i serien
        er oversatt til norsk.</subfield>
    </datafield>
    <datafield tag="650" ind1="2" ind2="4">
      <subfield code="a">Vampyrer</subfield>
      <subfield code="x">Fortellinger</subfield>
      <subfield code="2">BS</subfield>
    </datafield>
    <datafield tag="700" ind1="1" ind2=" ">
      <subfield code="a">Meyer, Stephenie</subfield>
      <subfield code="d">1973-</subfield>
      <subfield code="i"> preceded by work</subfield>
      <subfield code="t">Twilight</subfield>
      <subfield code="1">http://viaf.org/viaf/310529073</subfield>
      <subfield code="4"> http://rdaregistry.info/Elements/w/precededByWork.en </subfield>
    </datafield>
    <datafield tag="780" ind1="0" ind2="0">
      <subfield code="t">Twilight</subfield>
      <subfield code="w">406896</subfield>
    </datafield>
    <datafield tag="785" ind1=" " ind2="0">
      <subfield code="t">Eclipse</subfield>
      <subfield code="w">401593</subfield>
    </datafield>
    <datafield tag="852" ind1=" " ind2=" ">
      <subfield code="a">Fylkesbiblioteket i Akershus</subfield>
      <subfield code="b">Fyb. i Akershus Barn</subfield>
    </datafield>
  </record>