
  <record>
    <!--The Strain Hogan, Chuck The complete second season DVD Akershus Ikke redigert, begrunnelse beskrevet i rapporten
    <leader>02701nam a2200421 a 450 </leader>
    <controlfield tag="001">0747853</controlfield>
    <controlfield tag="008">161129b                          1 mul  </controlfield>
    <datafield tag="015" ind1=" " ind2=" ">
      <subfield code="a">0499650</subfield>
    </datafield>
    <datafield tag="015" ind1=" " ind2=" ">
      <subfield code="a">10621291</subfield>
    </datafield>
    <datafield tag="041" ind1=" " ind2=" ">
      <subfield code="a">eng</subfield>
      <subfield code="b">swenobdanfin</subfield>
      <subfield code="h">eng</subfield>
    </datafield>
    <datafield tag="082" ind1="1" ind2="4">
      <subfield code="2">5</subfield>
    </datafield>
    <datafield tag="245" ind1="0" ind2="4">
      <subfield code="a">The Strain /</subfield>
      <subfield code="c">[created by Guillermo del Toro, Chuck Hogan]</subfield>
      <subfield code="h">dvd</subfield>
      <subfield code="n">The complete second season</subfield>
    </datafield>
    <datafield tag="260" ind1=" " ind2=" ">
      <subfield code="a">[Oslo] :</subfield>
      <subfield code="b">Twentieth Century Fox Home Entertainment,</subfield>
      <subfield code="c">2016</subfield>
    </datafield>
    <datafield tag="300" ind1=" " ind2=" ">
      <subfield code="a">4 DVD-er (9 t, 59 min) :</subfield>
      <subfield code="b">lyd, kol.</subfield>
    </datafield>
    <datafield tag="500" ind1=" " ind2=" ">
      <subfield code="a">Basert p ̄romanen: The strain / Guillermo del Toro og Chuck Hogan</subfield>
    </datafield>
    <datafield tag="503" ind1=" " ind2=" ">
      <subfield code="a">Produksjonsr̄ 2015</subfield>
    </datafield>
    <datafield tag="505" ind1="1" ind2=" ">
      <subfield code="a">Inneholder 13 episoder</subfield>
    </datafield>
    <datafield tag="511" ind1="0" ind2=" ">
      <subfield code="a">I rollene: Corey Stoll, David Bradley, Mia Maestro m.fl.</subfield>
    </datafield>
    <datafield tag="520" ind1=" " ind2=" ">
      <subfield code="a">The Strain handler om Dr. Ephraim Goodweather, lederen for institutt for smittekontroll i New York. Han og resten av laget hans fr̄ i oppdrag  ̄undersk̜e et mystisk smitteutbrudd om bord p ̄et fly der de fleste passasjerene omkom, og da de dd̜e reiser seg og forsvinner forstr̄ de at de str̄ overfor noe helt nytt. I andre sesong m ̄Eph og teamet hans sl ̄seg sammen med  en forsamling av vanlige New Yorkere og g ̄til krig mot vampyrene for  ̄redde menneskehetens fremtid. Serien har karakteren 7,5/10 i IMDb. Omtalen er utarbeidet av BS.</subfield>
    </datafield>
    <datafield tag="521" ind1=" " ind2=" ">
      <subfield code="a">Aldersgrense 15 r̄</subfield>
    </datafield>
    <datafield tag="534" ind1=" " ind2=" ">
      <subfield code="a">Originaltittel: The strain</subfield>
    </datafield>
    <datafield tag="655" ind1=" " ind2=" ">
      <subfield code="a">Filmatisert bok</subfield>
      <subfield code="2">BS</subfield>
    </datafield>
    <datafield tag="655" ind1=" " ind2=" ">
      <subfield code="a">Fjernsynsserie</subfield>
      <subfield code="z">USA</subfield>
      <subfield code="2">BS</subfield>
    </datafield>
    <datafield tag="655" ind1=" " ind2=" ">
      <subfield code="a">Grs̜ser</subfield>
      <subfield code="2">BS</subfield>
    </datafield>
    <datafield tag="700" ind1=" " ind2=" ">
      <subfield code="a">Bradley, David,</subfield>
      <subfield code="d">1942-,</subfield>
      <subfield code="e">skuesp.</subfield>
    </datafield>
    <datafield tag="700" ind1=" " ind2=" ">
      <subfield code="a">Hogan, Chuck,</subfield>
      <subfield code="t">The strain,</subfield>
      <subfield code="e">forf.</subfield>
    </datafield>
    <datafield tag="700" ind1=" " ind2=" ">
      <subfield code="a">Maestro, Mia,</subfield>
      <subfield code="d">1978-,</subfield>
      <subfield code="e">skuesp.</subfield>
    </datafield>
    <datafield tag="700" ind1=" " ind2=" ">
      <subfield code="a">Stoll, Corey,</subfield>
      <subfield code="d">1976-,</subfield>
      <subfield code="e">skuesp.</subfield>
    </datafield>
    <datafield tag="700" ind1=" " ind2=" ">
      <subfield code="a">Toro, Guillermo del,</subfield>
      <subfield code="d">1964-,</subfield>
      <subfield code="t">The strain,</subfield>
      <subfield code="e">forf.</subfield>
    </datafield>
    <datafield tag="852" ind1=" " ind2=" ">
      <subfield code="a">Fylkesbiblioteket i Akershus</subfield>
      <subfield code="b">Fyb. i Akershus Voksne</subfield>
      <subfield code="c">DVD/Serie</subfield>
    </datafield>-->
  </record>