
  <record><!--The strain Hogan, Chuck The complete fourth season DVD Akershus Ikke redigert, begrunnelse beskrevet i rapporten
    <leader>03563nam a2200481 a 450 </leader>
    <controlfield tag="001">0801518</controlfield>
    <controlfield tag="008">190110b                          1 mul  </controlfield>
    <datafield tag="015" ind1=" " ind2=" ">
      <subfield code="a">0548719</subfield>
    </datafield>
    <datafield tag="015" ind1=" " ind2=" ">
      <subfield code="a">11470238</subfield>
    </datafield>
    <datafield tag="041" ind1=" " ind2=" ">
      <subfield code="a">eng</subfield>
      <subfield code="b">swedannobfineng</subfield>
      <subfield code="h">eng</subfield>
    </datafield>
    <datafield tag="082" ind1="1" ind2="4">
      <subfield code="2">5</subfield>
    </datafield>
    <datafield tag="245" ind1="0" ind2="4">
      <subfield code="a">The Strain /</subfield>
      <subfield code="c">from Guillermo del Toro, Carlton Cuse, Chuck Hogan</subfield>
      <subfield code="h">dvd</subfield>
      <subfield code="n">The complete fourth season</subfield>
    </datafield>
    <datafield tag="260" ind1=" " ind2=" ">
      <subfield code="a">[Oslo] :</subfield>
      <subfield code="b">Twentieth Century Fox Home Entertainment,</subfield>
      <subfield code="c">2018</subfield>
    </datafield>
    <datafield tag="300" ind1=" " ind2=" ">
      <subfield code="a">3 DVD-er (7 t, 20 min) :</subfield>
      <subfield code="b">lyd, kol.</subfield>
    </datafield>
    <datafield tag="500" ind1=" " ind2=" ">
      <subfield code="a">Basert p ̄romanen: The strain / Guillermo del Toro og Chuck Hogan</subfield>
    </datafield>
    <datafield tag="503" ind1=" " ind2=" ">
      <subfield code="a">Produksjonsr̄ 2017</subfield>
    </datafield>
    <datafield tag="505" ind1="1" ind2=" ">
      <subfield code="a">Inneholder 10 episoder</subfield>
    </datafield>
    <datafield tag="511" ind1="0" ind2=" ">
      <subfield code="a">I rollene: Corey Stoll, David Bradley, Kevin Durand m.fl.</subfield>
    </datafield>
    <datafield tag="520" ind1=" " ind2=" ">
      <subfield code="a">Serien ±The Strain&#xbb; fl̜ger Dr. Ephraim Goodweather, lederen for institutt for smittekontroll i New York. Han og laget hans fr̄ i oppdrag  ̄undersk̜e et mystisk smitteutbrudd om bord p ̄et fly der de fleste passasjerene omkom, for s ̄ ̄reise seg og forsvinne. Forskerne innser at de str̄ overfor noe helt nytt og ukjent. I denne sesongen er planeten rammet av atomvinter. Menneskeheten er kraftig svekket og utnyttes som slaver av vampyrene, strigoi, i et postapokalyptisk tyranni styrt av The Partnership, et vampyrrd̄ som igjen kontrolleres av den blodtr̜stige mesteren Sariel. Samtidig som Sariel trener opp Ephs sn̜n Zack til  ̄herske over det onde regimet, planlegger Eph og en liten gruppe overlevende  ̄sl ̄tilbake mot mesteren og redde det som er igjen av menneskeheten. Serien har karakteren 7,5/10 i IMDb. Omtalen er utarbeidet av BS.</subfield>
    </datafield>
    <datafield tag="521" ind1=" " ind2=" ">
      <subfield code="a">Aldersgrense 15 r̄</subfield>
    </datafield>
    <datafield tag="534" ind1=" " ind2=" ">
      <subfield code="a">Originaltittel: The strain</subfield>
    </datafield>
    <datafield tag="655" ind1=" " ind2=" ">
      <subfield code="a">Filmatisert bok</subfield>
      <subfield code="2">BS</subfield>
    </datafield>
    <datafield tag="655" ind1=" " ind2=" ">
      <subfield code="a">Fjernsynsserie</subfield>
      <subfield code="z">USA</subfield>
      <subfield code="2">BS</subfield>
    </datafield>
    <datafield tag="655" ind1=" " ind2=" ">
      <subfield code="a">Grs̜ser</subfield>
      <subfield code="2">BS</subfield>
    </datafield>
    <datafield tag="700" ind1=" " ind2=" ">
      <subfield code="a">Bradley, David,</subfield>
      <subfield code="d">1942-,</subfield>
      <subfield code="e">skuesp.</subfield>
    </datafield>
    <datafield tag="700" ind1=" " ind2=" ">
      <subfield code="a">Cuse, Carlton,</subfield>
      <subfield code="d">1959-,</subfield>
      <subfield code="e">manusforf.</subfield>
    </datafield>
    <datafield tag="700" ind1=" " ind2=" ">
      <subfield code="a">Durand, Kevin,</subfield>
      <subfield code="d">1974-,</subfield>
      <subfield code="e">skuesp.</subfield>
    </datafield>
    <datafield tag="700" ind1=" " ind2=" ">
      <subfield code="a">Hogan, Chuck,</subfield>
      <subfield code="t">The strain,</subfield>
      <subfield code="e">forf.</subfield>
    </datafield>
    <datafield tag="700" ind1=" " ind2=" ">
      <subfield code="a">Stoll, Corey,</subfield>
      <subfield code="d">1976-,</subfield>
      <subfield code="e">skuesp.</subfield>
    </datafield>
    <datafield tag="700" ind1=" " ind2=" ">
      <subfield code="a">Toro, Guillermo del,</subfield>
      <subfield code="d">1964-,</subfield>
      <subfield code="t">The strain,</subfield>
      <subfield code="e">forf.</subfield>
    </datafield>
    <datafield tag="852" ind1=" " ind2=" ">
      <subfield code="a">Fylkesbiblioteket i Akershus</subfield>
      <subfield code="b">Fyb. i Akershus Voksne</subfield>
      <subfield code="c">DVD/Serie</subfield>
    </datafield>-->
  </record>
</collection>
